=LDR  00000nam a2200000Ia 45e0
=008  250121s9999\\\\xx\\\\\\\\\\\\000\0\und\d
=082  \\$a891.434
=100  \\$a SHUKLA  ACHARYA  RAMCHANDRA 
=245  \\$a CHINTAMANI  PART-1 
=260  \\$b LOKBHARTI  PRAKSHAN $aILLAHABAD
=300  \\$a234p,22cm
=541  \\$h300
=653  \\$a HINDI  ESSAYS 
=653  \\$a HINDI  LITRATURE 
=852  \\$p7001$k891.434$mSHC$a GEN  HINDI $t1$c RELATED  SUBJECT 

