=LDR  00000nam a2200000Ia 45e0
=008  250121s9999\\\\xx\\\\\\\\\\\\000\0\und\d
=082  \\$a792.01
=100  \\$a ANAND  MAHESH 
=245  \\$a RANGMANCH  KE  SIDDHANT 
=260  \\$b RAJKAMAL  PRAKSHAN  PVT.LTD. $a NEW  DELHI 
=300  \\$a310p,22cm
=541  \\$h600
=653  \\$a PERFORMING  ARTS  PRINCIPALS 
=653  \\$a STAGE  PRESENTATION 
=852  \\$p7005$k792.01$mANR$a GEN  HINDI $t1$c RELATED  SUBJECT 

