=LDR  00000nam a2200000Ia 45e0
=008  250121s9999\\\\xx\\\\\\\\\\\\000\0\und\d
=082  \\$a294.55
=100  \\$a MISHRA  SHIV  KUMAR 
=245  \\$a BHAKTI  ANDOLAN  AUR  BHAKTI  KAVYA 
=260  \\$b LOKBHARTI  PRAKSHAN $aILLAHABAD
=300  \\$a304p,22cm
=541  \\$h350
=653  \\$a SECTS  REFORMS  MOVEMENT 
=653  \\$aRELIGION
=852  \\$p7009$k294.55$mMIB$a GEN  HINDI $t1$c RELATED  SUBJECT 

