=LDR  00000nam a2200000Ia 45e0
=008  250121s9999\\\\xx\\\\\\\\\\\\000\0\und\d
=082  \\$a491.43
=100  \\$a TIWARI  UDAY  NARAYAN 
=245  \\$a HINDI  BHASHA  KA  UDGAM  AUR  VIKAS 
=260  \\$b LOKBHARTI  PRAKSHAN $aILLAHABAD
=300  \\$a456p,22cm
=541  \\$h600
=653  \\$a HINDI  LANGUAGE 
=653  \\$a HINDI  LANGUAGE,BIRTH,  DEVELOPMENT 
=852  \\$p7013$k491.43$mTIH$a TX  HINDI $t1$c RELATED  SUBJECT 

