=LDR  00000nam a2200000Ia 45e0
=008  250121s9999\\\\xx\\\\\\\\\\\\000\0\und\d
=082  \\$a 891.431  2 
=100  \\$a DINKAR  RAMDHARI  SINGH 
=245  \\$a PANT,PRASAD  AUR  METHILISHARAN 
=260  \\$b LOKBHARTI  PRAKSHAN $aILLAHABAD
=300  \\$a150p,22cm
=541  \\$h225
=653  \\$a HINDI  LITRATURE 
=653  \\$a MODERN  POETRY 
=852  \\$p7016$k 891.431  2 $mDIP$a GEN  HINDI $t1$c RELATED  SUBJECT 

