=LDR  00000nam a2200000Ia 45e0
=008  250121s9999\\\\xx\\\\\\\\\\\\000\0\und\d
=082  \\$a 891.431  08 
=100  \\$a SINGH  BACHCHAN   
=245  \\$a BIHARI  KA  NAYA  MULYANKAN 
=260  \\$b LOKBHARTI  PRAKSHAN $aILLAHABAD
=300  \\$a182p,21cm
=541  \\$h200
=653  \\$a HINDI  LITRATURE 
=653  \\$a HINDI  POETRY,  BIHARI  CRITICAL  WORKS 
=852  \\$p7020$k 891.431  08 $mSIB$a GEN  HINDI $t1$c RELATED  SUBJECT 

