=LDR  00000nam a2200000Ia 45e0
=008  250121s9999\\\\xx\\\\\\\\\\\\000\0\und\d
=082  \\$a 891.431  08 
=100  \\$a RAVI  P 
=245  \\$a SAMKALIN  KAVITA  KE  AYAM 
=260  \\$b LOKBHARTI  PRAKSHAN $aILLAHABAD
=300  \\$a192p,22cm
=541  \\$h350
=653  \\$a HINDI  LITRATURE 
=653  \\$a HINDI  POETRY,CRITICAL  WORKS 
=852  \\$p7024$k 891.431  08 $mRAS$a GEN  HINDI $t1$c RELATED  SUBJECT 

