=LDR  00000nam a2200000Ia 45e0
=008  250121s9999\\\\xx\\\\\\\\\\\\000\0\und\d
=082  \\$a491.43
=100  \\$a SHRIVASTWA  GOPINATH 
=245  \\$a SARKARI  KARYALYAUN  MEIN  HINDI  KA  PARYOG 
=260  \\$b LOKBHARTI  PRAKSHAN $aILLAHABAD
=300  \\$a250p,22cm
=541  \\$h350
=653  \\$a HINDI  LANGUAGE 
=653  \\$a HINDI  USAGE  IN  GOVERNMENT  OFFICES 
=852  \\$p7028$k491.43$mSHS$a TX  HINDI $t1$c RELATED  SUBJECT 

