=LDR  00000nam a2200000Ia 45e0
=008  250121s9999\\\\xx\\\\\\\\\\\\000\0\und\d
=082  \\$a 891.431  08 
=100  \\$a SHARMA  HARBANS  LAL   
=245  \\$aSOORDAS
=260  \\$b RADHAKRISHNA  PRAKSHAN $a NEW  DELHI 
=300  \\$a234p,22cm
=541  \\$h550
=653  \\$a HINDI  LITRATURE 
=653  \\$a HINDI  POETRY,SOORDAS 
=852  \\$p7032$k 891.431  08 $mSHS$a GEN  HINDI $t1$c RELATED  SUBJECT 

