=LDR  00000nam a2200000Ia 45e0
=008  250121s9999\\\\xx\\\\\\\\\\\\000\0\und\d
=082  \\$a 891.431  08 
=100  \\$a TANEJA  JAIDEV 
=245  \\$a AADHUNIK  BHARATIYA  NATYA  VIMARSH 
=260  \\$b RADHAKRISHNA  PRAKSHAN $a NEW  DELHI 
=300  \\$a311p,22cm
=541  \\$h600
=653  \\$a HINDI  DRAMA,CRITICAL  WORKS 
=653  \\$a HINDI  LITRATURE 
=852  \\$p7036$k 891.431  08 $mTAA$a GEN  HINDI $t1$c RELATED  SUBJECT 

