=LDR  00000nam a2200000Ia 45e0
=008  250121s9999\\\\xx\\\\\\\\\\\\000\0\und\d
=082  \\$a491.43
=100  \\$a SRIVASTAVA  RAVINDRA  NATH 
=245  \\$a HINDI  BHASHA:  SANRACHANA  KE  VIVIDH  AAYAM 
=260  \\$b RADHAKRISHNA  PRAKSHAN $a NEW  DELHI 
=300  \\$a254p,22cm
=541  \\$h550
=653  \\$a HINDI  LANGUAGE 
=653  \\$a HINDI  LANGUAGE     
=852  \\$p7040$k491.43$mSRH$a TX  HINDI $t1$c RELATED  SUBJECT 

