=LDR  00000nam a2200000Ia 45e0
=008  250121s9999\\\\xx\\\\\\\\\\\\000\0\und\d
=082  \\$a 491.438  02 
=100  \\$a GOPINATHAN  G 
=245  \\$a ANUVAD  KI  SAMSAYEN 
=260  \\$b LOKBHARTI  PRAKSHAN $aILLAHABAD
=300  \\$a332p,22cm
=541  \\$h495
=653  \\$a HINDI  LANGUAGE 
=653  \\$aTRANSLATION
=852  \\$p7044$k 491.438  02 $mGOA$a TX  HINDI $t1$c RELATED  SUBJECT 

