=LDR  00000nam a2200000Ia 45e0
=008  250121s9999\\\\xx\\\\\\\\\\\\000\0\und\d
=082  \\$a491.43
=100  \\$a SHARMA  ACHARYA  DEVENDRA  NATH 
=245  \\$a RASHTRABHASHA  HINDI  SAMASYAEIN  AUR  SAMADHAN 
=260  \\$b LOKBHARTI  PRAKSHAN $aILLAHABAD
=300  \\$a210p,22cm
=541  \\$h300
=653  \\$a HINDI  LANGUAGE 
=653  \\$a HINDI  LANGUAGE,PROBLEMS,  SOLUTIONS 
=852  \\$p7048$k491.43$mSHR$a TX  HINDI $t1$c RELATED  SUBJECT 

