=LDR  00000nam a2200000Ia 45e0
=008  250121s9999\\\\xx\\\\\\\\\\\\000\0\und\d
=082  \\$a491.43
=100  \\$a SHARMA  RAM  KISHORE 
=245  \\$a BHASHA  VIGYAN  HINDI  BHASHA  AUR  LIPI 
=260  \\$b LOKBHARTI  PRAKSHAN $aILLAHABAD
=300  \\$a436p,22cm
=541  \\$h500
=653  \\$a HINDI  LANGUAGE 
=653  \\$a HINDI  LANGUAGE  SCRIPT 
=852  \\$p7052$k491.43$mSHB$a TX  HINDI $t1$c RELATED  SUBJECT 

