=LDR  00000nam a2200000Ia 45e0
=008  250121s9999\\\\xx\\\\\\\\\\\\000\0\und\d
=082  \\$a891.4312
=100  \\$a SHOTRIYA  PRABHAKAR 
=245  \\$a KABIRDAS:  VIVIDH  AAYAM 
=260  \\$b LOKBHARTI  PRAKSHAN $aILLAHABAD
=300  \\$a240p,21cm
=541  \\$h80
=653  \\$a HINDI  LITRATURE 
=653  \\$a HINDI  POETRY   
=852  \\$p7056$k891.4312$mSHK$a GEN  HINDI $t1$c RELATED  SUBJECT 

