=LDR  00000nam a2200000Ia 45e0
=008  250121s9999\\\\xx\\\\\\\\\\\\000\0\und\d
=082  \\$a181.4
=100  \\$a GAIROLA  VACHASPATI 
=245  \\$a BHARTIYA  DARSHAN 
=260  \\$b LOKBHARTI  PRAKSHAN $aILLAHABAD
=300  \\$a430p22cm
=541  \\$h500
=653  \\$a INDIAN  PHILOSPHY 
=653  \\$aPHILOSPHY
=852  \\$p7060$k181.4$mGAL$a GEN  HINDI $t1$c RELATED  SUBJECT 

