=LDR  00000nam a2200000Ia 45e0
=008  250121s9999\\\\xx\\\\\\\\\\\\000\0\und\d
=082  \\$a070
=100  \\$a DUBEY  S  K 
=245  \\$a PATRAKARITA  KE  NAYE  AYAM 
=260  \\$b LOKBHARTI  PRAKSHAN $aILLAHABAD
=300  \\$a110p,21cm
=541  \\$h225
=653  \\$a JOURNALISM,  NEWS  TRENDS 
=653  \\$aJOURNALISM
=852  \\$p7064$k070$mDUP$a TX  JMC $t1$c RELATED  SUBJECT 

