=LDR  00000nam a2200000Ia 45e0
=008  250121s9999\\\\xx\\\\\\\\\\\\000\0\und\d
=082  \\$a302.23
=100  \\$a ANURADHA  R 
=245  \\$a NEW  MEDIA  :  INTERNET  KI  BHASHAYI  CHUNAUTIYAN  AUR  SAMBHAVNAYEN 
=260  \\$b RADHAKRISHNA  PRAKSHAN $a NEW  DELHI 
=300  \\$a130p,21cm
=541  \\$h200
=653  \\$a MASS  MEDIA,JOURNALISM 
=653  \\$a SOCIAL  INTERACTION 
=852  \\$p7068$k302.23$mANI$a TX  JMC $t1$c RELATED  SUBJECT 

