=LDR  00000nam a2200000Ia 45e0
=008  250121s9999\\\\xx\\\\\\\\\\\\000\0\und\d
=082  \\$a070.1
=100  \\$a SINGH  AJAY  KUMAR 
=245  \\$a ELECTRONIC  PATRAKARITA 
=260  \\$b LOKBHARTI  PRAKSHAN $aILLAHABAD
=300  \\$a270p,23cm
=541  \\$h600
=653  \\$a ELECTRONIC  JOURNALISM 
=653  \\$aJOURNALISM
=852  \\$p7072$k070.1$mSIE$a TX  JMC $t1$c RELATED  SUBJECT 

