=LDR  00000nam a2200000Ia 45e0
=008  250121s9999\\\\xx\\\\\\\\\\\\000\0\und\d
=082  \\$a 491.438  02 
=100  \\$a GOPINATHAN  G 
=245  \\$a ANUVAD  SIDHANT  EVAM  PRAYOG 
=260  \\$b LOKBHARTI  PRAKSHAN $aILLAHABAD
=300  \\$a98p,21cm
=541  \\$h160
=653  \\$a HINDI  LANGUAGE 
=653  \\$aTRANSLATION
=852  \\$p7075$k 491.438  02 $mGOA$a TX  HINDI $t1$c RELATED  SUBJECT 

