=LDR  00000nam a2200000Ia 45e0
=008  250121s9999\\\\xx\\\\\\\\\\\\000\0\und\d
=082  \\$a891.433
=100  \\$a ANANTHAMURTHY  U  R 
=245  \\$aSANSKAR
=260  \\$b RADHAKRISHNA  PRAKSHAN $a NEW  DELHI 
=300  \\$a158p,22cm
=541  \\$h350
=653  \\$a HINDI  FICTON 
=653  \\$a HINDI  LITRATURE 
=852  \\$p7079$k891.433$mANS$a GEN  HINDI $t1$c RELATED  SUBJECT 

