=LDR  00000nam a2200000Ia 45e0
=008  250121s9999\\\\xx\\\\\\\\\\\\000\0\und\d
=082  \\$a 491.438  02 
=100  \\$a SAMEER  SHRI  NARAYAN 
=245  \\$a ANUVAD  KI  PRAKRIYA,  TAKNEEK  AUR  SAMSYAYEN 
=260  \\$b LOKBHARTI  PRAKSHAN $aILLAHABAD
=300  \\$a226p,22cm
=541  \\$h450
=653  \\$a HINDI  LANGUAGE 
=653  \\$aTRANSLATION
=852  \\$p7083$k 491.438  02 $mSAA$a TX  HINDI $t1$c RELATED  SUBJECT 

