=LDR  00000nam a2200000Ia 45e0
=008  250121s9999\\\\xx\\\\\\\\\\\\000\0\und\d
=082  \\$a 891.431  054 
=100  \\$a GUPTA  GANPATICHANDRA 
=245  \\$a BHARTITA  EVEM  PASHCHATYA  KAVYA  SIDHANT 
=260  \\$b LOKBHARTI  PRAKSHAN $aILLAHABAD
=300  \\$a254p,22cm
=541  \\$h325
=653  \\$a HINDI  LITRATURE 
=653  \\$a HINDI  POETRY,INDIAN  POETRY,WESTERN  POETRY 
=852  \\$p7087$k 891.431  054 $mGUB$a GEN  HINDI $t1$c RELATED  SUBJECT 

