=LDR  00000nam a2200000Ia 45e0
=008  250121s9999\\\\xx\\\\\\\\\\\\000\0\und\d
=082  \\$a891.431
=100  \\$a VERMA  MAHADEVI 
=245  \\$a SAHITYAKAR  KI  ASTHA  TATHA  ANYA  NIBANDH 
=260  \\$b LOKBHARTI  PRAKSHAN $aILLAHABAD
=300  \\$a174p,22cm
=541  \\$h90
=653  \\$a HINDI  LANGUAGE     
=653  \\$a HINDI  LITRATURE 
=852  \\$p7088$k891.431$mVES$a GEN  HINDI $t1$c RELATED  SUBJECT 

