=LDR  00000nam a2200000Ia 45e0
=008  250121s9999\\\\xx\\\\\\\\\\\\000\0\und\d
=082  \\$a 891.432  08 
=100  \\$a GAUTAM  RAMESH 
=245  \\$a HINDI  RANGBHASHA  SAWROOP  AUR  VIKAS 
=260  \\$b SAWRAJ  PRAKSHAN $aDELHI
=300  \\$a328p,22cm
=541  \\$h795
=653  \\$a HINDI  DRAMA,CRITICAL  WORKS 
=653  \\$a HINDI  LITRATURE 
=852  \\$p7092$k 891.432  08 $mGAH$a TX  HINDI $t1$c RELATED  SUBJECT 

