=LDR  00000nam a2200000Ia 45e0
=008  250121s9999\\\\xx\\\\\\\\\\\\000\0\und\d
=082  \\$a 891.430  9 
=100  \\$a VAJPAI  NANDDULARE 
=245  \\$a HINDI  SAHITYA  KA  SANKSHIPAT  ITIHAAS 
=260  \\$b SAWRAJ  PRAKSHAN $a NEW  DELHI 
=300  \\$a126p,21cm
=541  \\$h350
=653  \\$a HINDI  LITRATURE 
=653  \\$a HINDI  LITRATURE  HISTORY 
=852  \\$p7095$k 891.430  9 $mVAH$a GEN  HINDI $t1$c RELATED  SUBJECT 

