=LDR  00000nam a2200000Ia 45e0
=008  250121s9999\\\\xx\\\\\\\\\\\\000\0\und\d
=082  \\$a 070.491  43 
=100  \\$a MISHRA  DEVPRAKASH 
=245  \\$a HINDI  PATRKARITA:  AADHUNIK  SANDHRAV 
=260  \\$b SAWRAJ  PRAKSHAN $aDELHI
=300  \\$a184p,22cm
=541  \\$h375
=653  \\$a HINDI  JOURNALISM 
=653  \\$aJOURNALISM
=852  \\$p7099$k 070.491  43 $mMIH$a TX  JMC $t1$c RELATED  SUBJECT 

