=LDR  00000nam a2200000Ia 45e0
=008  250121s9999\\\\xx\\\\\\\\\\\\000\0\und\d
=082  \\$a 891.430  9 
=100  \\$a KUKRETI  HEMANT 
=245  \\$a HINDI  SAHITYA  KA  ITIHAAS 
=260  \\$b KITABGHAR  PRAKSHAN $a NEW  DELHI 
=300  \\$a520p,22cm
=541  \\$h900
=653  \\$a HINDI  LITRATURE 
=653  \\$a HINDI  LITRATURE  HISTORY 
=852  \\$p7103$k 891.430  9 $mKUH$a GEN  HINDI $t1$c RELATED  SUBJECT 

