=LDR  00000nam a2200000Ia 45e0
=008  250121s9999\\\\xx\\\\\\\\\\\\000\0\und\d
=082  \\$a 491.438  02 
=100  \\$a TIWARI  BHOLA  NATH 
=245  \\$a ANUVAD  VIGYAN 
=260  \\$b KITABGHAR  PRAKSHAN $a NEW  DELHI 
=300  \\$a194p,21cm
=541  \\$h250
=653  \\$a HINDI  LANGUAGE 
=653  \\$aTRANSLATION
=852  \\$p7110$k 491.438  02 $mTIA$a TX  HINDI $t1$c RELATED  SUBJECT 

