=LDR  00000nam a2200000Ia 45e0
=008  250121s9999\\\\xx\\\\\\\\\\\\000\0\und\d
=082  \\$a491.43
=100  \\$a BAHCHOTIA  HIRA  LAL 
=245  \\$a HINDI  SIKSHAN:  SANKALPANA  AUR  PRAYOG 
=260  \\$b AARYA  PRAKSHAN  MANDAL $aDELHI
=300  \\$a110p,22cm
=541  \\$h150
=653  \\$a HINDI  HEADINGS 
=653  \\$a HINDI  LANGUAGE 
=852  \\$p7114$k491.43$mBAH$a TX  HINDI $t1$c RELATED  SUBJECT 

