=LDR  00000nam a2200000Ia 45e0
=008  250121s9999\\\\xx\\\\\\\\\\\\000\0\und\d
=082  \\$a823
=100  \\$a MISTRY  ROHINTON 
=245  \\$a SUCH  A  LONG  JOURNEY 
=260  \\$b FABER  AND  FABER $aLONDON
=300  \\$a338p,20cm
=541  \\$h499
=653  \\$a ENGLISH  FICTION 
=653  \\$a ENGLISH  LITRATURE 
=852  \\$p7118$k823$mMIS$a GEN  ENG $t1$c RELATED  SUBJECT 

