=LDR  00000nam a2200000Ia 45e0
=008  250121s9999\\\\xx\\\\\\\\\\\\000\0\und\d
=082  \\$a823
=100  \\$a ISHIGURO  KAZUO 
=245  \\$a REMAINS  OF  THE  DAY 
=260  \\$b FABER  AND  FABER $aLONDON
=300  \\$a258p,20cm
=541  \\$h599
=653  \\$a ENGLISH  FICTION 
=653  \\$a ENGLISH  LITRATURE 
=852  \\$p7121$k823$mISR$a GEN  ENG $t1$c RELATED  SUBJECT 

