=LDR  00000nam a2200000Ia 45e0
=008  250121s9999\\\\xx\\\\\\\\\\\\000\0\und\d
=082  \\$a305.420954
=100  \\$a SHIVA  VANDANA 
=245  \\$a STAYING  ALIVE:  WOMEN  ECOLOGY  AND  SURVIVAL  IN  INDIA 
=260  \\$b WOMEN  UNLIMITED $a NEW  DELHI 
=300  \\$a224p,21cm
=541  \\$h350
=653  \\$a SOCIAL  GROUPS 
=653  \\$a SOCIAL  ROLE  AND  STATUS  OF  WOMEN 
=852  \\$p7123$k305.420954$mSHS$a GEN  ENG $t1$c RELATED  SUBJECT 

