=LDR  00000nam a2200000Ia 45e0
=008  250121s9999\\\\xx\\\\\\\\\\\\000\0\und\d
=082  \\$a320.54
=100  \\$a TAGORE  RABINDRANATH 
=245  \\$aNATIONALISM
=260  \\$b FINGER  PRINT  CLASSICS $a NEW  DELHI 
=300  \\$a118p,19cm
=541  \\$h99
=653  \\$a INDIA  NATIONALISM 
=653  \\$aNATIONALISM
=852  \\$p7126$k320.54$mTAN$a TX  ENG $t1$c RELATED  SUBJECT 

