=LDR  00000nam a2200000Ia 45e0
=008  250121s9999\\\\xx\\\\\\\\\\\\000\0\und\d
=082  \\$a302.30954
=100  \\$a KUMAR  SUKRITA  PAUL 
=245  \\$a CULTURAL  DIVERSITY  LINGUISTIC  PLURALITY  AND  LITERARY  TRADITIONS  IN  INDIA 
=260  \\$b OXFORD  UNIVERSITY  ORESS $a NEW  DELHI 
=300  \\$a190p,21cm
=541  \\$h85
=653  \\$a ENGLISH     
=653  \\$a SOCIAL  INETRACTION 
=852  \\$p7136$k302.30954$mKUC$a TX  ENG $t1$c RELATED  SUBJECT 

