=LDR  00000nam a2200000Ia 45e0
=008  250121s9999\\\\xx\\\\\\\\\\\\000\0\und\d
=082  \\$a372.623
=100  \\$a DEV  ANJANA  NEIRA 
=245  \\$a CREATIVE  WRITING:  A  BEGINNERS  MANUAL 
=260  \\$bPEARSON$aNOIDA
=300  \\$a224p,24cm
=541  \\$h219
=653  \\$a ELEMANTARY  EDUCATION 
=653  \\$a ENGLISH     
=852  \\$p7146$k372.623$m DEC   $a TX  ENG $t1$c RELATED  SUBJECT 

