=LDR  00000nam a2200000Ia 45e0
=008  250121s9999\\\\xx\\\\\\\\\\\\000\0\und\d
=082  \\$a820
=100  \\$a VINAY  SOOD 
=245  \\$a INDIVIDUAL  AND  SOCIETY:  POEMS  ESSAYS  AND  STORIES   
=260  \\$bPEARSON$aDELHI
=300  \\$a250p,22cm
=541  \\$h125
=653  \\$a ENGLISH  LITRATURE 
=653  \\$a ESSAYS,  STORIES  AND  POEMS 
=852  \\$p7149$k820$mVII$a TX  ENGLISH $t1$c RELATED  SUBJECT 

