=LDR  00000nam a2200000Ia 45e0
=008  250121s9999\\\\xx\\\\\\\\\\\\000\0\und\d
=082  \\$a425
=100  \\$a HEWINGS  MARTIN 
=245  \\$a ADVANCED  GRAMMAR  IN  USE 
=260  \\$b CAMBRIDGE  UNIVERSITY  PRESS $a NEW  DELHI 
=300  \\$a294p,26cm
=541  \\$h430
=653  \\$a ENGLISH  LANGUAGE 
=653  \\$a ENGLSIH  GRAMMAR 
=852  \\$p7159$k425$mHEA$a TX  ENGLISH $t1$c RELATED  SUBJECT 

