=LDR  00000nam a2200000Ia 45e0
=008  250121s9999\\\\xx\\\\\\\\\\\\000\0\und\d
=082  \\$a822.33
=100  \\$a BHATIA  PRAVEEN   
=245  \\$a MERCHANT  OF  VENICE:  WILLIAM  SHAKESPEARE 
=260  \\$b UBS  PUBLISHERS  DISTRIBUTORS  PVT.LTD $a NEW  DELHI 
=300  \\$a314p,21cm
=541  \\$h170
=653  \\$a ENGLISH  DRAMA  SHAKESPEARE 
=653  \\$a ENGLISH  LITRATURE 
=852  \\$p7169$k822.33$mBHM$a GEN  ENG $t1$c RELATED  SUBJECT 

