=LDR  00000nam a2200000Ia 45e0
=008  250121s9999\\\\xx\\\\\\\\\\\\000\0\und\d
=082  \\$a512.73
=100  \\$a ROSEN  KENNETH  H 
=245  \\$a ELEMENTARY  NUMBER  THEORY 
=260  \\$bPEARSON$aDELHI
=300  \\$a700p,23cm
=541  \\$h995
=653  \\$a NUMBER  THEORY 
=653  \\$aMATHEMATICS
=852  \\$p7171$k512.73$mROE$a TX  MATH $t1$c RELATED  SUBJECT 

