=LDR  00000nam a2200000Ia 45e0
=008  250121s9999\\\\xx\\\\\\\\\\\\000\0\und\d
=082  \\$a515.9
=100  \\$a ZILL  DENNIS  G 
=245  \\$a COMPLEX  ANALYSIS 
=260  \\$b JONES  &  BARTLETT  LEARNING $aBURLINGTON
=300  \\$a384p,27cm
=541  \\$h795
=653  \\$a COMPLEX  ANALYSIS 
=653  \\$aMATHEMATICS
=852  \\$p7173$k515.9$mZIC$a TX  MATH $t1$c RELATED  SUBJECT 

