=LDR  00000nam a2200000Ia 45e0
=008  250121s9999\\\\xx\\\\\\\\\\\\000\0\und\d
=082  \\$a510.332
=100  \\$a HULL  JOHN  C 
=245  \\$a OPTIONS  FUTURES  AND  OTHER  DERIVATIVES 
=260  \\$bPEARSON$aDELHI
=300  \\$a904p,25cm
=541  \\$h779
=653  \\$a FINANCIAL  ECONOMICS,  MATHEMATICS 
=653  \\$aMATHEMATICS
=852  \\$p7176$k510.332$mHUO$a TX  MATH $t1$c RELATED  SUBJECT 

