=LDR  00000nam a2200000Ia 45e0
=008  250121s9999\\\\xx\\\\\\\\\\\\000\0\und\d
=082  \\$a512.02
=100  \\$a FRALEIGH  JOHN  B 
=245  \\$a FIRST  COURSE  IN  ABSTRACT  ALGEBRA 
=260  \\$bPEARSON$aDELHI
=300  \\$a456p,25cm
=541  \\$h879
=653  \\$a ABSTRACT  ALGEBRA 
=653  \\$aMATHEMATICS
=852  \\$p7179$k512.02$mFRF$a TX  MATH $t1$c RELATED  SUBJECT 

