=LDR  00000nam a2200000Ia 45e0
=008  250121s9999\\\\xx\\\\\\\\\\\\000\0\und\d
=082  \\$a510.332
=100  \\$a LUENBERGER  DAVID  G 
=245  \\$a INVESTMENT  SCIENCE 
=260  \\$b OXFORD  UNIVERSITY  PRESS $a NEW  DELHI 
=300  \\$a494p,24cm
=541  \\$h550
=653  \\$a FINANCIAL  ECONOMICS,  INVESTMENT  SCIENCE 
=653  \\$aMATHEMATICS
=852  \\$p7184$k510.332$mLUI$a TX  MATH $t1$c RELATED  SUBJECT 

