=LDR  00000nam a2200000Ia 45e0
=008  250121s9999\\\\xx\\\\\\\\\\\\000\0\und\d
=082  \\$a512.02
=100  \\$a DUMMIT  DAVID  S 
=245  \\$a ABSTRACT  ALGEBRA 
=260  \\$b JOHN  WILLY  &  SONS $a NEW  DELHI 
=300  \\$a932p,23cm
=541  \\$h819
=653  \\$a ABSTRACT  ALGEBRA 
=653  \\$aMATHEMATICS
=852  \\$p7186$k512.02$mDUA$a TX  MATH $t1$c RELATED  SUBJECT 

