=LDR  00000nam a2200000Ia 45e0
=008  250121s9999\\\\xx\\\\\\\\\\\\000\0\und\d
=082  \\$a510
=100  \\$a GRIMALDI  RALPH  P 
=245  \\$a DISCRETE  AND  COMBINATORIAL  MATHEMATICS 
=260  \\$bPEARSON$aDELHI
=300  \\$a1026p,26cm
=541  \\$h889
=653  \\$a DISCRETE,  COMBINATORIAL  MATHEMATICS 
=653  \\$aMATHEMATICS
=852  \\$p7191$k510$mGRD$a TX  MATH $t1$c RELATED  SUBJECT 

