=LDR  00000nam a2200000Ia 45e0
=008  250121s9999\\\\xx\\\\\\\\\\\\000\0\und\d
=082  \\$a519.7
=100  \\$a SHARMA  S  D 
=245  \\$a OPERATIONS  RESARCH:  THEORY  METHODS  AND  APPLICATIONS 
=260  \\$b KEDAR  NATH  RAM  NATH $aDELHI
=300  \\$a HN/3p,  28cm 
=541  \\$h825
=653  \\$a MATHEMATICS   
=653  \\$a OPERATIONS  RESEARCH   
=852  \\$p7194$k519.7$mSHO$a TX  MATH $t1$c RELATED  SUBJECT 

