=LDR  00000nam a2200000Ia 45e0
=008  250121s9999\\\\xx\\\\\\\\\\\\000\0\und\d
=082  \\$a512.73
=100  \\$a ROBBINS  NEVILLE 
=245  \\$a BEGINING  NUMBER  THEORY 
=260  \\$b JONES  &  BARLETT  INDIA  PVT  LTD $a NEW  DELHI 
=300  \\$a 334p,  24cm 
=541  \\$h695
=653  \\$a MATHEMATICS   
=653  \\$a NUMBER  THEORY 
=852  \\$p7197$k512.73$mROB$a TX  MATH $t1$c RELATED  SUBJECT 

