=LDR  00000nam a2200000Ia 45e0
=008  250121s9999\\\\xx\\\\\\\\\\\\000\0\und\d
=082  \\$a515.30
=100  \\$a GHOSH  R  K 
=245  \\$a AN  INTRODUCTION  TO  ANALYSIS:  DIFFERENTIAL  CALCULUS  PART  1 
=260  \\$b NEW  CENTRAL  BOOK  AGENCY  P  LTD $aHYDERADAB
=300  \\$a 1265p,  24cm 
=541  \\$h785
=653  \\$a ANALYSIS  DIFFERENTIAL  CALCULUS 
=653  \\$a MATHEMATICS   
=852  \\$p7202$k515.30$mGHA$a TX  MATH $t1$c RELATED  SUBJECT 

