=LDR  00000nam a2200000Ia 45e0
=008  250121s9999\\\\xx\\\\\\\\\\\\000\0\und\d
=082  \\$a891.439
=100  \\$a PHULL  SUSHIL  KUMAR 
=245  \\$a HINDI  SAHITYA  KA  SUBODH  ITIHAS 
=260  \\$bPEARSON$aDELHI
=300  \\$a426p,23cm
=541  \\$h500
=653  \\$a HINDI  LITRATURE 
=653  \\$a HISTORY  HINDI  LITRATURE 
=852  \\$p7207$k891.439$mPHH$a GEN  HINDI $t1$c RELATED  SUBJECT 

