=LDR  00000nam a2200000Ia 45e0
=008  250121s9999\\\\xx\\\\\\\\\\\\000\0\und\d
=082  \\$a 891.43     
=100  \\$a PHULL  ASHU 
=245  \\$a MAHADEVI  VERMA:  VYAKTITVA  AVEM  KRITTVA 
=260  \\$b PANKAJ  BOOKS $aDELHI
=300  \\$a126p,22cm
=541  \\$h150
=653  \\$a HINDI  LITRATURE 
=653  \\$a MAHADEVI  VERMA 
=852  \\$p7210$k 891.43     $mPHM$a GEN  HINDI $t1$c RELATED  SUBJECT 

