=LDR  00000nam a2200000Ia 45e0
=008  250121s9999\\\\xx\\\\\\\\\\\\000\0\und\d
=082  \\$a 891.43     
=100  \\$a PHULL  ASHU 
=245  \\$a HINDI  UPANYAS:  UDBHAV  AVEM  VIKAS 
=260  \\$b RACHNA  PUBLICATION $aPALAMPUR
=300  \\$a108p,21cm
=541  \\$h200
=653  \\$a HINDI  FICTION 
=653  \\$a HINDI  LITRATURE 
=852  \\$p7212$k 891.43     $mPHM$a GEN  HINDI $t1$c RELATED  SUBJECT 

