=LDR  00000nam a2200000Ia 45e0
=008  250121s9999\\\\xx\\\\\\\\\\\\000\0\und\d
=082  \\$a635.0954
=100  \\$a RANDHAWA  G  S 
=245  \\$a FLORICULTURE  IN  INDIA 
=260  \\$b ALLIED  PUBLISHERS  PVT  LTD $a NEW  DEHLI 
=300  \\$a656p,24cm
=541  \\$h475
=653  \\$a BOTANY  AGRICULTURE 
=653  \\$a FLORICULTURE  INDIA 
=852  \\$p7215$k635.0954$mRAF$aBOTANY$t1$c RELATED  SUBJECT 

