=LDR  00000nam a2200000Ia 45e0
=008  250121s9999\\\\xx\\\\\\\\\\\\000\0\und\d
=082  \\$a050.954
=100  \\$a GOVERNMENT  OF  INDIA 
=245  \\$a INDIA  2018:  A  REFERENCE  ANNUAL 
=260  \\$b PUBLICATION  DIVISION $a NEW  DELHI 
=300  \\$a748p,24cm
=541  \\$h350
=653  \\$a YEAR  BOOK 
=653  \\$a YEAR  BOOK  2018 
=852  \\$p7217$k050.954$mGOI$aREF$t1$c RELATED  SUBJECT 

