=LDR  00000nam a2200000Ia 45e0
=008  250121s9999\\\\xx\\\\\\\\\\\\000\0\und\d
=082  \\$a512.5
=100  \\$a STRANG  GILBERT 
=245  \\$a LINER  ALGEBRA  AND  ITS  APPLICATION 
=260  \\$b CENGAGE  LEARNING $aANDOVER
=300  \\$a486p,24cm
=541  \\$h499
=653  \\$a LINEAR  ALGEBRA 
=653  \\$aMATHEMATICS
=852  \\$p7219$k512.5$mSTL$a TX  MATH $t1$c RELATED  SUBJECT 

