=LDR  00000nam a2200000Ia 45e0
=008  250121s9999\\\\xx\\\\\\\\\\\\000\0\und\d
=082  \\$a 512     
=100  \\$a LUTHAR  I  S 
=245  \\$a ALGEBRA  VOL:1 
=260  \\$b NAROSA  PUBLISHING  HOUSE $a NEW  DELHI 
=300  \\$a242p,24cm
=541  \\$h395
=653  \\$aALGEBRA
=653  \\$aMATHEMATICS
=852  \\$p7224$k 512     $mLUA$a TX  MATH $t1$c RELATED  SUBJECT 

