=LDR  00000nam a2200000Ia 45e0
=008  250121s9999\\\\xx\\\\\\\\\\\\000\0\und\d
=082  \\$a515.9
=100  \\$a GAMELIN  THEODORE  W 
=245  \\$a COMPLEX  ANALYSIS 
=260  \\$bSPRINGER$a NEW  YORK 
=300  \\$a78p,23cm
=541  \\$h3735.35
=653  \\$a COMPLEX  ANALYSIS 
=653  \\$aMATHEMATICS
=852  \\$p7225$k515.9$mGAC$a TX  MATH $t1$c RELATED  SUBJECT 

