=LDR  00000nam a2200000Ia 45e0
=008  250121s9999\\\\xx\\\\\\\\\\\\000\0\und\d
=082  \\$a515.80
=100  \\$a ABBOTT  STEPHEN 
=245  \\$a UNDERSTANDING  ANALYSIS 
=260  \\$bSPRINGER$a NEW  YORK 
=300  \\$a312p,24cm
=541  \\$h3739.67
=653  \\$a MATHEMATICAL  ANALYSIS 
=653  \\$aMATHEMATICS
=852  \\$p7227$k515.80$mABU$a TX  MATH $t1$c RELATED  SUBJECT 

