=LDR  00000nam a2200000Ia 45e0
=008  250121s9999\\\\xx\\\\\\\\\\\\000\0\und\d
=082  \\$a512.44
=100  \\$a KRISHNAN  N  S  GOPALA 
=245  \\$a COMMUTATIVE  ALGEBRA 
=260  \\$b UNIVERSITY  PRESS $aHYDERABAD
=300  \\$a264p,24cm
=541  \\$h450
=653  \\$a ALGEBRA  COMMUTATIVE   
=653  \\$aMATHEMATICS
=852  \\$p7228$k512.44$mKRC$a TX  MATH $t1$c RELATED  SUBJECT 

