=LDR  00000nam a2200000Ia 45e0
=008  250121s9999\\\\xx\\\\\\\\\\\\000\0\und\d
=082  \\$a512.02
=100  \\$a ROBINSON  DEREK  J  S 
=245  \\$a AN  INTRODUCTION  TO  ABSTRACT  ALGEBRA 
=260  \\$b HINDUSTAN  BOOK  AGENCY $a NEW  DELHI 
=300  \\$a282p,24cm
=541  \\$h400
=653  \\$a ABSTRACT  ALGEBRA 
=653  \\$aMATHEMATICS
=852  \\$p7230$k512.02$mROA$a TX  MATH $t1$c RELATED  SUBJECT 

