=LDR  00000nam a2200000Ia 45e0
=008  250121s9999\\\\xx\\\\\\\\\\\\000\0\und\d
=082  \\$a 512     
=100  \\$a JACOBSON  NATHAN 
=245  \\$a BASIC  ALGEBRA  VOL:1 
=260  \\$b DOVER  PUBLICATION $a NEW  YORK 
=300  \\$a498p,23cm
=541  \\$h1569.78
=653  \\$aALGEBRA
=653  \\$aMATHEMATICS
=852  \\$p7232$k 512     $mJAB$a TX  MATH $t1$c RELATED  SUBJECT 

