=LDR  00000nam a2200000Ia 45e0
=008  250121s9999\\\\xx\\\\\\\\\\\\000\0\und\d
=082  \\$a515.5
=100  \\$a LEBEDEV  N  N 
=245  \\$a SPECIAL  FUNCTIONS  AND  THEIR  APPLICATIONS 
=260  \\$b DOVER  PUBLICATION $a NEW  YORK 
=300  \\$a308p,21cm
=541  \\$h1159.38
=653  \\$a ANALYSIS,  SPECIAL  FUNCTIONS 
=653  \\$aMATHEMATICS
=852  \\$p7234$k515.5$mLES$a TX  MATH $t1$c RELATED  SUBJECT 

