=LDR  00000nam a2200000Ia 45e0
=008  250121s9999\\\\xx\\\\\\\\\\\\000\0\und\d
=082  \\$a512.44
=100  \\$a ATIYAH  M  F 
=245  \\$a INTRODUCTION  TO  COMMUTATIVE  ALGEBRA 
=260  \\$b LEVANT  BOOKS  INDIA $aKOLKATA
=300  \\$a126p,23cm
=541  \\$h595
=653  \\$a ALGEBRA  COMMUTATIVE   
=653  \\$aMATHEMATICS
=852  \\$p7235$k512.44$mATI$a TX  MATH $t1$c RELATED  SUBJECT 

