=LDR  00000nam a2200000Ia 45e0
=008  250121s9999\\\\xx\\\\\\\\\\\\000\0\und\d
=082  \\$a514
=100  \\$a WILLARD  STEPHEN 
=245  \\$a GENERAL  TOPOLOGY 
=260  \\$b DOVER  PUBLICATION $a NEW  YORK 
=300  \\$a368p,24cm
=541  \\$h595
=653  \\$aMATHEMATICS
=653  \\$aTOPOLOGY
=852  \\$p7238$k514$mWIG$a TX  MATH $t1$c RELATED  SUBJECT 

