=LDR  00000nam a2200000Ia 45e0
=008  250121s9999\\\\xx\\\\\\\\\\\\000\0\und\d
=082  \\$a512.02
=100  \\$a BHATTACHARYA  P  B 
=245  \\$a BASIC  ABSTRACT  ALGEBRA 
=260  \\$b CAMBRIDGE  UNIVERSITY  PRESS $aDELHI
=300  \\$a486p,23cm
=541  \\$h395
=653  \\$a ABSTRACT  ALGEBRA 
=653  \\$aMATHEMATICS
=852  \\$p7242$k512.02$mBHB$a TX  MATH $t1$c RELATED  SUBJECT 

