=LDR  00000nam a2200000Ia 45e0
=008  250121s9999\\\\xx\\\\\\\\\\\\000\0\und\d
=082  \\$a519.5
=100  \\$a ROSS  SHELDON 
=245  \\$aPROBABILITY
=260  \\$bPEARSON$aNOIDA
=300  \\$a456p,23cm
=541  \\$h769
=653  \\$aMATHEMATICS
=653  \\$aPROBABILITY
=852  \\$p7247$k519.5$mROP$a TX  MATH $t1$c RELATED  SUBJECT 

