=LDR  00000nam a2200000Ia 45e0
=008  250121s9999\\\\xx\\\\\\\\\\\\000\0\und\d
=082  \\$a515.732
=100  \\$a DAS  SUPREETI 
=245  \\$a LAPLACE  AND  FOURIER  TRANSFORMS  FOR  PHYSICISTS  AND  ENGINEERS 
=260  \\$bMEDTECH$a NEW  DELHI 
=300  \\$a128p,21cm
=541  \\$h195
=653  \\$a LAPLACE   
=653  \\$aMATHEMATICS
=852  \\$p7251$k515.732$mDAL$a TX  MATH $t1$c RELATED  SUBJECT 

