=LDR  00000nam a2200000Ia 45e0
=008  250121s9999\\\\xx\\\\\\\\\\\\000\0\und\d
=082  \\$a515.354
=100  \\$a CODDINGTON  EARL  A 
=245  \\$a THEORY  OF  ORDINARY  DIFFERENTIAL  EQUATION 
=260  \\$b MC  GRAW  HILL  EDUCATION $aCHENNAI
=300  \\$a428p,22cm
=541  \\$h650
=653  \\$a DIFFERENTIAL  EQUATIONS  ORDINARY 
=653  \\$aMATHEMATICS
=852  \\$p7255$k515.354$mCOT$a TX  MATH $t1$c RELATED  SUBJECT 

