=LDR  00000nam a2200000Ia 45e0
=008  250121s9999\\\\xx\\\\\\\\\\\\000\0\und\d
=082  \\$a658.15
=100  \\$a MITTAL  R  K 
=245  \\$a MANAGEMENT  CONTROL  TECHNIQUES 
=260  \\$b VK  GLOBAL  PUBLICATIONS  PVT.LTD. $a NEW  DELHI 
=300  \\$a426p,24cm
=541  \\$h275
=653  \\$a MANAGEMENT  CONTROL 
=653  \\$aMANAGEMENT
=852  \\$p7260$k658.15$mMIA$a TX  COMM $t1$c RELATED  SUBJECT 

