=LDR  00000nam a2200000Ia 45e0
=008  250121s9999\\\\xx\\\\\\\\\\\\000\0\und\d
=082  \\$a347.7
=100  \\$a SHARMA  ASHOK 
=245  \\$a COMPANY  LAW 
=260  \\$b VK  GLOBAL  PUBLICATIONS  PVT.LTD. $a NEW  DELHI 
=300  \\$a390p,24cm
=541  \\$h306
=653  \\$a COMPANY  LAW 
=653  \\$aCOMMERECE
=852  \\$p7261$k347.7$mSHC$a TX  COMM $t1$c RELATED  SUBJECT 

