=LDR  00000nam a2200000Ia 45e0
=008  250121s9999\\\\xx\\\\\\\\\\\\000\0\und\d
=082  \\$a658.8
=100  \\$a SONTAKKI  C.N 
=245  \\$a MARKETING  MANAGEMENT 
=260  \\$b KALYANI  PUBLISHERS $aLUDHIANA
=300  \\$a14.46p,24cm
=541  \\$h195
=653  \\$a MARKETING  MANAGEMENT 
=653  \\$aCOMMERECE
=852  \\$p7262$k658.8$mSOM$a TX  COMM $t1$c RELATED  SUBJECT 

