=LDR  00000nam a2200000Ia 45e0
=008  250121s9999\\\\xx\\\\\\\\\\\\000\0\und\d
=082  \\$a332
=100  \\$a GUPTA  SHASHI  K 
=245  \\$a FUNDAMENTALS  OF  INVESTMENT 
=260  \\$b KALYANI  PUBLISHERS $aLUDHIANA
=300  \\$a11.12p,24cm
=541  \\$h180
=653  \\$a INVESTMENT  MANAGEMENT   
=653  \\$aCOMMERECE
=852  \\$p7263$k332$mGUF$a TX  COMM $t1$c RELATED  SUBJECT 

