=LDR  00000nam a2200000Ia 45e0
=008  250121s9999\\\\xx\\\\\\\\\\\\000\0\und\d
=082  \\$a650.0151
=100  \\$a JAIN  T  R 
=245  \\$a BUSINESS  STATISTICS 
=260  \\$b VK  GLOBAL  PUBLICATIONS  PVT.LTD. $a NEW  DELHI 
=300  \\$a576p,24cm
=541  \\$h504
=653  \\$a BUSINESS  STATISTICS 
=653  \\$aCOMMERECE
=852  \\$p7265$k650.0151$mJAB$a TX  COMM $t1$c RELATED  SUBJECT 

