=LDR  00000nam a2200000Ia 45e0
=008  250121s9999\\\\xx\\\\\\\\\\\\000\0\und\d
=082  \\$a336.243
=100  \\$a JAIN  MUKTA 
=245  \\$a INCOME  TAX 
=260  \\$b VK  GLOBAL  PUBLICATIONS  PVT.LTD. $a NEW  DELHI 
=300  \\$a614p24cm
=541  \\$h390
=653  \\$a INCOME  TAX 
=653  \\$aCOMMERECE
=852  \\$p7267$k336.243$mJAI$a TX  COMM $t1$c RELATED  SUBJECT 

