=LDR  00000nam a2200000Ia 45e0
=008  250121s9999\\\\xx\\\\\\\\\\\\000\0\und\d
=082  \\$a657.45
=100  \\$a SHARMA  ASHOK 
=245  \\$aAUDITING
=260  \\$b VK  GLOBAL  PUBLICATIONS  PVT.LTD. $a NEW  DELHI 
=300  \\$a262p,24cm
=541  \\$h200
=653  \\$a AUDITING   
=653  \\$aCOMMERECE
=852  \\$p7268$k657.45$mSHA$a TX  COMM $t1$c RELATED  SUBJECT 

