=LDR  00000nam a2200000Ia 45e0
=008  250121s9999\\\\xx\\\\\\\\\\\\000\0\und\d
=082  \\$a330
=100  \\$a JAIN  T  R 
=245  \\$a BUSINESS  ENVIRONMENT 
=260  \\$b VK  GLOBAL  PUBLICATIONS  PVT.LTD. $a NEW  DELHI 
=300  \\$a270p,24cm
=541  \\$h225
=653  \\$a BUSINESS  ENVIRONMENT 
=653  \\$aCOMMERECE
=852  \\$p7269$k330$mJAB$a TX  COMM $t1$c RELATED  SUBJECT 

