=LDR  00000nam a2200000Ia 45e0
=008  250121s9999\\\\xx\\\\\\\\\\\\000\0\und\d
=082  \\$a658.45
=100  \\$a KUSHAL  SRI  JIN 
=245  \\$a BUSINESS  COMMUNICATION 
=260  \\$b VK  GLOBAL  PUBLICATIONS  PVT.LTD. $a NEW  DELHI 
=300  \\$a218p,24cm
=541  \\$h150
=653  \\$a BUSINESS  COMMUNICATION 
=653  \\$aMANAGEMENT
=852  \\$p7270$k658.45$mKUB$a TX  COMM $t1$c RELATED  SUBJECT 

