=LDR  00000nam a2200000Ia 45e0
=008  250121s9999\\\\xx\\\\\\\\\\\\000\0\und\d
=082  \\$a332.4
=100  \\$a JAIN  T  R 
=245  \\$a MUDRA  AVM  BANKING 
=260  \\$b VK  GLOBAL  PUBLICATIONS  PVT.LTD. $a NEW  DELHI 
=300  \\$a242p,24cm
=541  \\$h175
=653  \\$a MONEY  AND  BANKING 
=653  \\$aCOMMERECE
=852  \\$p7272$k332.4$mJAM$a TX  COMM $t1$c RELATED  SUBJECT 

