=LDR  00000nam a2200000Ia 45e0
=008  250121s9999\\\\xx\\\\\\\\\\\\000\0\und\d
=082  \\$a658
=100  \\$a SHARMA  R  RK 
=245  \\$a BUSINESS  ORGANISATION  AND  MANAGEMENT 
=260  \\$b KALYANI  PUBLISHERS $aLUDHIANA
=300  \\$a434p,24cm
=541  \\$h270
=653  \\$a BUSINESS  ORGANISATION   
=653  \\$aCOMMERECE
=852  \\$p7273$k658$mSHB$a TX  COMM $t1$c RELATED  SUBJECT 

