=LDR  00000nam a2200000Ia 45e0
=008  250121s9999\\\\xx\\\\\\\\\\\\000\0\und\d
=082  \\$a651.8
=100  \\$a KUMAR  PUNEET 
=245  \\$a COMPUTER  APPLICATIONS  IN  BUSINESS 
=260  \\$b KALYANI  PUBLISHERS $aLUDHIANA
=300  \\$a4.30p,24cm
=541  \\$h270
=653  \\$a COMPUTER  APPLICATIONS,  BUSINESS 
=653  \\$aMANAGEMENT
=852  \\$p7274$k651.8$mKUC$a TX  COMM $t1$c RELATED  SUBJECT 

