=LDR  00000nam a2200000Ia 45e0
=008  250121s9999\\\\xx\\\\\\\\\\\\000\0\und\d
=082  \\$a658.3
=100  \\$a GUPTA  SHASHI  K 
=245  \\$a PERSONNEL  MANAGEMENT 
=260  \\$b KALYANI  PUBLISHERS $aLUDHIANA
=300  \\$a22.10p,24cm
=541  \\$h325
=653  \\$a PERSONAL  MANAGEMENT 
=653  \\$aMANAGEMENT
=852  \\$p7275$k658.3$mGUP$a TX  COMM $t1$c RELATED  SUBJECT 

