=LDR  00000nam a2200000Ia 45e0
=008  250121s9999\\\\xx\\\\\\\\\\\\000\0\und\d
=082  \\$a332.10954
=100  \\$a JAIN  T  R 
=245  \\$a INDIAN  FINANCIAL  SYSTEM 
=260  \\$b VK  GLOBAL  PUBLICATIONS  PVT.LTD. $a NEW  DELHI 
=300  \\$a228p,24cm
=541  \\$h180
=653  \\$a FINANCIAL  SYSTEM,  INDIA 
=653  \\$aCOMMERECE
=852  \\$p7276$k332.10954$mJAI$a TX  COMM $t1$c RELATED  SUBJECT 

