=LDR  00000nam a2200000Ia 45e0
=008  250121s9999\\\\xx\\\\\\\\\\\\000\0\und\d
=082  \\$a338.04
=100  \\$a ARORA  RENU 
=245  \\$a FUNDAMENTALS  OF  ENTREPRENEURSHIP  DEVELOPMENT 
=260  \\$b KALYANI  PUBLISHERS $aLUDHIANA
=300  \\$a4.38p,24cm
=541  \\$h160
=653  \\$a ENTREPRENEURSHIP  DEVELOPMENT   
=653  \\$aCOMMERECE
=852  \\$p7277$k338.04$mARF$a TX  COMM $t1$c RELATED  SUBJECT 

