=LDR  00000nam a2200000Ia 45e0
=008  250121s9999\\\\xx\\\\\\\\\\\\000\0\und\d
=082  \\$a343.06
=100  \\$a GAUR  V  P 
=245  \\$a DIRECT  TAX  LAWS 
=260  \\$b KALYANI  PUBLISHERS $aLUDHIANA
=300  \\$a5.20p,24cm
=541  \\$h340
=653  \\$a DIRECT  TAXES 
=653  \\$aCOMMERECE
=852  \\$p7280$k343.06$mGAD$a TX  COMM $t1$c RELATED  SUBJECT 

