=LDR  00000nam a2200000Ia 45e0
=008  250121s9999\\\\xx\\\\\\\\\\\\000\0\und\d
=082  \\$a347.7
=100  \\$a SINGH  RAJ  KUMAR 
=245  \\$a CORPORATE  LAW  (COMPANY  LAW) 
=260  \\$b KALYANI  PUBLISHERS $aLUDHIANA
=300  \\$a18.6p.24cm
=541  \\$h270
=653  \\$a COMPANY  LAW 
=653  \\$aCOMMERECE
=852  \\$p7281$k347.7$mSIC$a TX  COMM $t1$c RELATED  SUBJECT 

