=LDR  00000nam a2200000Ia 45e0
=008  250121s9999\\\\xx\\\\\\\\\\\\000\0\und\d
=082  \\$a343.06
=100  \\$a JAIN  MUKTA 
=245  \\$a DIRECT  TAX  LAWS 
=260  \\$b VK  GLOBAL  PUBLICATIONS  PVT.LTD. $a NEW  DELHI 
=300  \\$a472p,24cm
=541  \\$h350
=653  \\$a DIRECT  TAXES 
=653  \\$aCOMMERECE
=852  \\$p7282$k343.06$mJAD$a TX  COMM $t1$c RELATED  SUBJECT 

