=LDR  00000nam a2200000Ia 45e0
=008  250121s9999\\\\xx\\\\\\\\\\\\000\0\und\d
=082  \\$a332
=100  \\$a DANGI  VANDANA 
=245  \\$a NIVESH  KE  MOOL  TATVA 
=260  \\$b VK  GLOBAL  PUBLICATIONS  PVT.LTD. $a NEW  DELHI 
=300  \\$a304p,24cm
=541  \\$h275
=653  \\$a INVESTMENT  MANAGEMENT   
=653  \\$aCOMMERECE
=852  \\$p7285$k332$mDAF$a TX  COMM $t1$c RELATED  SUBJECT 

