=LDR  00000nam a2200000Ia 45e0
=008  250121s9999\\\\xx\\\\\\\\\\\\000\0\und\d
=082  \\$a007.4
=100  \\$a AGARWAL  VIR  BALA 
=245  \\$a HANDBOOK  OF  JOURNALISM  AND  MASS  COMMUNICATION 
=260  \\$b CONCEPT  PUBLISHING  COMPANY   $a NEW  DELHI 
=300  \\$a474p,2cm
=541  \\$h900
=653  \\$a JOURNALISM  HANDBOOK 
=653  \\$aJOURNALISM
=852  \\$p7286$k007.4$mAGH$a TX  JMC $t1$c RELATED  SUBJECT 

