=LDR  00000nam a2200000Ia 45e0
=008  250121s9999\\\\xx\\\\\\\\\\\\000\0\und\d
=082  \\$a370.954
=100  \\$a BISWAS  A 
=245  \\$a DEVELOPMENT  OF  EDUCATION  IN  INDIA 
=260  \\$b CONCEPT  PUBLISHING  COMPANY   $a NEW  DELHI 
=300  \\$a934p,22cm
=541  \\$h700
=653  \\$a EDUCATION  DEVLOPMENT  INDIA 
=653  \\$aEDUCATION
=852  \\$p7288$k370.954$mBID$a TX  EDU $t1$c RELATED  SUBJECT 

