=LDR  00000nam a2200000Ia 45e0
=008  250121s9999\\\\xx\\\\\\\\\\\\000\0\und\d
=082  \\$a320.02954
=100  \\$a KUMAR  KEVAL  J 
=245  \\$a BHARAT  MEIN  JANSANCHAR 
=260  \\$b JAICO  PUBLISHING  HOUSE $aAHEMDABAD
=300  \\$a518p,21cm
=541  \\$h299
=653  \\$a MASS  COMMUNICATION    INDIA 
=653  \\$aJOURNALISM
=852  \\$p7290$k320.02954$mKUB$a TX  JMC $t1$c RELATED  SUBJECT 

