=LDR  00000nam a2200000Ia 45e0
=008  250121s9999\\\\xx\\\\\\\\\\\\000\0\und\d
=082  \\$a370.001
=100  \\$a SHARMA  RAM  NATH 
=245  \\$a TEXTBOOK  OF  EDUCATIONAL  PHILOSOPHY 
=260  \\$b KANISHKA  PUBLISHERS  DISTRIBUTORS   $a NEW  DELHI 
=300  \\$a516p,22cm
=541  \\$h995
=653  \\$a PHILOSOPHY  EDUCATIONAL 
=653  \\$aEDUCATION
=852  \\$p7294$k370.001$mSHE$a TX  EDU $t1$c RELATED  SUBJECT 

