=LDR  00000nam a2200000Ia 45e0
=008  250121s9999\\\\xx\\\\\\\\\\\\000\0\und\d
=082  \\$a370.15
=100  \\$a CHAUHAN  S  S 
=245  \\$a ADVANCED  EDUCATIONAL  PSYCHOLOGY 
=260  \\$b VIKAS  PUBLISHING  HOUSE  PVT.LTD. $a NEW  DELHI 
=300  \\$a524p,21cm
=541  \\$h395
=653  \\$a PSYCHOLOGY  EDUCATION 
=653  \\$aEDUCATION
=852  \\$p7296$k370.15$mCHA$a TX  EDU $t1$c RELATED  SUBJECT 

