=LDR  00000nam a2200000Ia 45e0
=008  250121s9999\\\\xx\\\\\\\\\\\\000\0\und\d
=082  \\$a371.9046
=100  \\$a BASHA  SYED  HAYATH 
=245  \\$a INCLUSIVE  EDUCATION:  POLICIES  AND  PRACTICES 
=260  \\$b NEW  DELHI  PUBLISHERS     $a NEW  DELHI 
=300  \\$a276p,22cm
=541  \\$h695
=653  \\$a INCLUSIVE  EDUCATION 
=653  \\$aEDUCATION
=852  \\$p7298$k371.9046$mBAI$a TX  EDU $t1$c RELATED  SUBJECT 

