=LDR  00000nam a2200000Ia 45e0
=008  250121s9999\\\\xx\\\\\\\\\\\\000\0\und\d
=082  \\$a613.433
=100  \\$a PANDEY  SHIV  PUJAN 
=245  \\$a LIFE  SKILL  EDUCATION  FOR  ADOLESCENTS 
=260  \\$b GLOBAL  RESEARCH  PUBLICATIONS $a NEW  DELHI 
=300  \\$a272p,22cm
=541  \\$h850
=653  \\$a LIFE  SKILL  EDUCATION  ADOLESCENTS 
=653  \\$aEDUCATION
=852  \\$p7300$k613.433$mPAL$a TX  EDU $t1$c RELATED  SUBJECT 

