=LDR  00000nam a2200000Ia 45e0
=008  250121s9999\\\\xx\\\\\\\\\\\\000\0\und\d
=082  \\$a659.1
=100  \\$a TYAGI  C  L 
=245  \\$a ADVERTISING  MANAGEMENT 
=260  \\$b ATLANTIC  PUBLISHING  AND  DISTRIBUTORS  PVT.LTD $a NEW  DELHI 
=300  \\$a436p,22cm
=541  \\$h995
=653  \\$a ADVERTISING  MANAGEMENT 
=653  \\$aJOURNALISM
=852  \\$p7302$k659.1$mTYA$a TX  JMC $t1$c RELATED  SUBJECT 

