=LDR  00000nam a2200000Ia 45e0
=008  250121s9999\\\\xx\\\\\\\\\\\\000\0\und\d
=082  \\$a294.5436
=100  \\$a MRUNALINI  T 
=245  \\$a YOGA  EDUCATION 
=260  \\$b NEELKAMAL  PUBLICATION  PVT.LTD $a NEW  DELHI 
=300  \\$a232p,22cm
=541  \\$h800
=653  \\$a HINDU  YOGA 
=653  \\$aEDUCATION
=852  \\$p7304$k294.5436$mMRY$a TX  EDU $t1$c RELATED  SUBJECT 

