=LDR  00000nam a2200000Ia 45e0
=008  250121s9999\\\\xx\\\\\\\\\\\\000\0\und\d
=082  \\$a371.3
=100  \\$a MANGAL  S  K 
=245  \\$a ESSENTIALS  OF  EDUCATIONAL  TECHNOLOGY 
=260  \\$b PHI  LEARNING  PVT.LTD. $aDELHI
=300  \\$a812p,23cm
=541  \\$h495
=653  \\$a EDUCATION  TECHNOLOGY 
=653  \\$aEDUCATION
=852  \\$p7306$k371.3$mMAE$a TX  EDU $t1$c RELATED  SUBJECT 

