=LDR  00000nam a2200000Ia 45e0
=008  250121s9999\\\\xx\\\\\\\\\\\\000\0\und\d
=082  \\$a371.3
=100  \\$a MANGAL  S  K 
=245  \\$a SIKSHA  TAKNIKI 
=260  \\$b PHI  LEARNING  PVT.LTD. $aDELHI
=300  \\$a988p,23cm
=541  \\$h795
=653  \\$a EDUCATION  TECHNOLOGY 
=653  \\$aEDUCATION
=852  \\$p7308$k371.3$mMAS$a TX  EDU $t1$c RELATED  SUBJECT 

