=LDR  00000nam a2200000Ia 45e0
=008  250121s9999\\\\xx\\\\\\\\\\\\000\0\und\d
=082  \\$a005.133
=100  \\$a GARDENER  MARK 
=245  \\$a BEGINNING  R 
=260  \\$b JOHN  WILLY  AND  SONS $a NEW  DELHI 
=300  \\$a474p,23cm
=541  \\$h749
=653  \\$a R  LANGUAGE 
=653  \\$aMATHEMATICS
=852  \\$p7310$k005.133$mGAB$a TX  MATH $t1$c RELATED  SUBJECT 

