=LDR  00000nam a2200000Ia 45e0
=008  250121s9999\\\\xx\\\\\\\\\\\\000\0\und\d
=082  \\$a512.02
=100  \\$a HUNGERFORD  THOMAS  W 
=245  \\$a ABSTRACT  ALGEBRA:  AN  INTRODUCTION 
=260  \\$b CENGAGE  LEARNING $aANDOVER
=300  \\$a592p,24cm
=541  \\$h995
=653  \\$a ABSTRACT  ALGEBRA 
=653  \\$aMATHEMATICS
=852  \\$p7314$k512.02$mHUA$a TX  MATH $t1$c RELATED  SUBJECT 

