=LDR  00000nam a2200000Ia 45e0
=008  250121s9999\\\\xx\\\\\\\\\\\\000\0\und\d
=082  \\$a510
=100  \\$a GERALD  CURTIS  F 
=245  \\$a APPLIED  NUMERICAL  ANALYSIS 
=260  \\$b PEARSON   $aNOIDA
=300  \\$a608p,24cm
=541  \\$h819
=653  \\$a NUMERICAL  ANALYSIS 
=653  \\$aMATHEMATICS
=852  \\$p7318$k510$mGEA$a TX  MATH $t1$c RELATED  SUBJECT 

