=LDR  00000nam a2200000Ia 45e0
=008  250121s9999\\\\xx\\\\\\\\\\\\000\0\und\d
=082  \\$a510
=100  \\$a CHAPRA  STEVEN  C 
=245  \\$a APPLIED  NUMERICAL  METHODS  WITH  MATLAB  :  FOR  ENGINEERS  AND  SCIENTISTS 
=260  \\$b MC  GRAW  HILL  EDUCATION $aCHENNAI
=300  \\$a652p,22cm
=541  \\$h830
=653  \\$a NUMERICAL  METHOD 
=653  \\$aMATHEMATICS
=852  \\$p7322$k510$mCHA$a TX  MATH $t1$c RELATED  SUBJECT 

