=LDR  00000nam a2200000Ia 45e0
=008  250121s9999\\\\xx\\\\\\\\\\\\000\0\und\d
=082  \\$a515.354
=100  \\$a ZILL  DENNIS  G 
=245  \\$a FIRST  COURSE  IN  DIFFERENTIAL  EQUATIONS  WITH  MODELING  APPLICATION 
=260  \\$b CENGAGE  LEARNING $aANDOVER
=300  \\$a384p,28cm
=541  \\$h625
=653  \\$a DIFFERENTIAL  EQUATION 
=653  \\$aMATHEMATICS
=852  \\$p7329$k515.354$mZIF$a TX  MATH $t1$c RELATED  SUBJECT 

