=LDR  00000nam a2200000Ia 45e0
=008  250121s9999\\\\xx\\\\\\\\\\\\000\0\und\d
=082  \\$a515
=100  \\$a HIJAB  OMAR 
=245  \\$a INTRODUCTION  TO  CALCULUS  AND  CLASSICAL  ANALYSIS 
=260  \\$bSPRINGER$a NEW  DELHI 
=300  \\$a336p,24cm
=541  \\$h429
=653  \\$aCALCULUS
=653  \\$aMATHEMATICS
=852  \\$p7333$k515$mHII$a TX  MATH $t1$c RELATED  SUBJECT 

