=LDR  00000nam a2200000Ia 45e0
=008  250121s9999\\\\xx\\\\\\\\\\\\000\0\und\d
=082  \\$a519.2
=100  \\$a MILTON  J  SUSAN 
=245  \\$a INTRODUCTION  TO  PROBABILITY  AND  STATISTICS 
=260  \\$b MC  GRAW  HILL  EDUCATION $aCHENNAI
=300  \\$a798p,23cm
=541  \\$h935
=653  \\$a PROBABILITY  STATISTICS 
=653  \\$aMATHEMATICS
=852  \\$p7337$k519.2$mMII$a TX  MATH $t1$c RELATED  SUBJECT 

