=LDR  00000nam a2200000Ia 45e0
=008  250121s9999\\\\xx\\\\\\\\\\\\000\0\und\d
=082  \\$a515.9
=100  \\$a PRIESTLEY  H  A 
=245  \\$a INTRODUCTION  TO  COMPLEX  ANALYSIS 
=260  \\$b OXFORD  UNIVERSITY  PRESS $a NEW  DELHI 
=300  \\$a328p,23cm
=541  \\$h795
=653  \\$a COMPLEX  ANALYSIS 
=653  \\$aMATHEMATICS
=852  \\$p7341$k515.9$mPRI$a TX  MATH $t1$c RELATED  SUBJECT 

