=LDR  00000nam a2200000Ia 45e0
=008  250121s9999\\\\xx\\\\\\\\\\\\000\0\und\d
=082  \\$a515.9
=100  \\$a SAFF  EDWARD  B 
=245  \\$a FUNDAMENTALS  OF  COMPLEX  ANALYSIS 
=260  \\$b PEARSON   $aNOIDA
=300  \\$a518p,23cm
=541  \\$h789
=653  \\$a COMPLEX  ANALYSIS 
=653  \\$aMATHEMATICS
=852  \\$p7345$k515.9$mSAF$a TX  MATH $t1$c RELATED  SUBJECT 

