=LDR  00000nam a2200000Ia 45e0
=008  250121s9999\\\\xx\\\\\\\\\\\\000\0\und\d
=082  \\$a515.8
=100  \\$a DENLINGER  CHARLES  G 
=245  \\$a ELEMENTS  OF  REAL  ANALYSIS 
=260  \\$b JONES  AND  BARTLETT  PUBLISHERS $a NEW  DELHI 
=300  \\$a736p,23cm
=541  \\$h1295
=653  \\$a REAL  ANALYSIS 
=653  \\$aMATHEMATICS
=852  \\$p7349$k515.8$mDEE$a TX  MATH $t1$c RELATED  SUBJECT 

