=LDR  00000nam a2200000Ia 45e0
=008  250121s9999\\\\xx\\\\\\\\\\\\000\0\und\d
=082  \\$a512
=100  \\$a KOBLITZ  NEAL 
=245  \\$a ALGEBRAIC  ASPECTS  OF  CRYPTOGARPHY 
=260  \\$bSPRINGER$a NEW  DELHI 
=300  \\$a206p,22cm
=541  \\$h795
=653  \\$a ALGEBRA,  CRYPTOGRAPHY 
=653  \\$aMATHEMATICS
=852  \\$p7353$k512$mKOA$a TX  MATH $t1$c RELATED  SUBJECT 

