=LDR  00000nam a2200000Ia 45e0
=008  250121s9999\\\\xx\\\\\\\\\\\\000\0\und\d
=082  \\$a515.354
=100  \\$a RAINVILLE  EARL  D 
=245  \\$a ELEMENTARY  DIFFERENTIAL  EQUATIONS 
=260  \\$b PEARSON   $aNOIDA
=300  \\$a530p,23cm
=541  \\$h795
=653  \\$a DIFFERENTIAL  EQUATION 
=653  \\$aMATHEMATICS
=852  \\$p7357$k515.354$mRAE$a TX  MATH $t1$c RELATED  SUBJECT 

