=LDR  00000nam a2200000Ia 45e0
=008  250121s9999\\\\xx\\\\\\\\\\\\000\0\und\d
=082  \\$a515
=100  \\$a DENCE  JOSEPH  B 
=245  \\$a ADVANCED  CALCULUS 
=260  \\$b ELSEVIER  PUBLISHERS $aANMSTERDAM
=300  \\$a372p,24cm
=541  \\$h385
=653  \\$a ADVANCED  CALCULUS 
=653  \\$aMATHEMATICS
=852  \\$p7361$k515$mDEA$a TX  MATH $t1$c RELATED  SUBJECT 

