=LDR  00000nam a2200000Ia 45e0
=008  250121s9999\\\\xx\\\\\\\\\\\\000\0\und\d
=082  \\$a512.5
=100  \\$a SAIKIA  PROMODE  KUMAR 
=245  \\$a LINEAR  ALGEBRA 
=260  \\$b PEARSON   $aNOIDA
=300  \\$a438p,23cm
=541  \\$h469
=653  \\$a LINEAR  ALGEBRA 
=653  \\$aMATHEMATICS
=852  \\$p7365$k512.5$mSAL$a TX  MATH $t1$c RELATED  SUBJECT 

