=LDR  00000nam a2200000Ia 45e0
=008  250121s9999\\\\xx\\\\\\\\\\\\000\0\und\d
=082  \\$a510
=100  \\$a FAUSETT  LAURENE  V 
=245  \\$a APPLIED  NUMERICAL  ANALYSIS  USING  MATLAB 
=260  \\$b PEARSON   $aNOIDA
=300  \\$a690p,23cm
=541  \\$h869
=653  \\$a NUMERICAL  ANALYSIS 
=653  \\$aMATHEMATICS
=852  \\$p7369$k510$mFAA$a TX  MATH $t1$c RELATED  SUBJECT 

