=LDR  00000nam a2200000Ia 45e0
=008  250121s9999\\\\xx\\\\\\\\\\\\000\0\und\d
=082  \\$a516.36
=100  \\$a LEE  JEFFREY  M   
=245  \\$a MANIFOLDS  AND  DIFFERENTIAL  GEOMETRY 
=260  \\$b AMERICAN  MATHEMATICAL  SOCIETY   $aHYDERABAD
=300  \\$a670p,24cm
=541  \\$h1320
=653  \\$a MANIFOLDS  ,DIFFERENTAL  GEOMETRY 
=653  \\$aMATHEMATICS
=852  \\$p7373$k516.36$mLEM$a TX  MATH $t1$c RELATED  SUBJECT 

