=LDR  00000nam a2200000Ia 45e0
=008  250121s9999\\\\xx\\\\\\\\\\\\000\0\und\d
=082  \\$a512.788
=100  \\$a ANDREESCU  TITU 
=245  \\$a COMPLEX  NUMBERS  FROM  A  TO  Z 
=260  \\$bSPRINGER$a NEW  DELHI 
=300  \\$a320p,23cm
=541  \\$h995
=653  \\$a COMPLEX  NUMBERS 
=653  \\$aMATHEMATICS
=852  \\$p7374$k512.788$mANC$a TX  MATH $t1$c RELATED  SUBJECT 

