=LDR  00000nam a2200000Ia 45e0
=008  250121s9999\\\\xx\\\\\\\\\\\\000\0\und\d
=082  \\$a519.5
=100  \\$a GUPTA  S  C   
=245  \\$a FUNDAMENTALS  OF  MATHEMATICAL  STATISTICS 
=260  \\$b S.S  CHAND  AND  SONS $a NEW  DELHI 
=300  \\$a20-28p,24cm
=541  \\$h590
=653  \\$aMATHEMATICS
=653  \\$aSTATISTICS
=852  \\$p7375$k519.5$mGUF$a TX  MATH $t1$c RELATED  SUBJECT 

