=LDR  00000nam a2200000Ia 45e0
=008  250121s9999\\\\xx\\\\\\\\\\\\000\0\und\d
=082  \\$a519.5
=100  \\$a GUPTA  S  C   
=245  \\$a FUNDAMENTALS  OF  APPLIED  STATISTICS 
=260  \\$b S.S  CHAND  AND  SONS $a NEW  DELHI 
=300  \\$a9.74p,24cm
=541  \\$h595
=653  \\$aMATHEMATICS
=653  \\$aSTATISTICS
=852  \\$p7379$k519.5$mGUF$a TX  MATH $t1$c RELATED  SUBJECT 

