=LDR  00000nam a2200000Ia 45e0
=008  250121s9999\\\\xx\\\\\\\\\\\\000\0\und\d
=082  \\$a512.02
=100  \\$a HILLMAN  ABRAHAM  P 
=245  \\$a ABSTRACT  ALGEBRA 
=260  \\$b CBS  PUBLISHERS  AND  DISTRIBUTORS  PVT.LTD. $a NEW  DELHI 
=300  \\$a480p,24cm
=541  \\$h695
=653  \\$a ABSTRACT  ALGEBRA 
=653  \\$aMATHEMATICS
=852  \\$p7383$k512.02$mHIA$a TX  MATH $t1$c RELATED  SUBJECT 

