=LDR  00000nam a2200000Ia 45e0
=008  250121s9999\\\\xx\\\\\\\\\\\\000\0\und\d
=082  \\$a510
=100  \\$a SASTRY  S  S 
=245  \\$a INTRODUCTORY  METHODS  OF  NUMERICAL  ANALYSIS 
=260  \\$b PHI  LEARNING  PVT.LTD. $aDELHI
=300  \\$a450p,24cm
=541  \\$h350
=653  \\$a NUMERICAL  ANALYSIS 
=653  \\$aMATHEMATICS
=852  \\$p7387$k510$mSAI$a TX  MATH $t1$c RELATED  SUBJECT 

