=LDR  00000nam a2200000Ia 45e0
=008  250121s9999\\\\xx\\\\\\\\\\\\000\0\und\d
=082  \\$a515.2432
=100  \\$a STEIN  ELIAS  M 
=245  \\$a FOURIER  ANALYSIS  AN  INTRODUCTION 
=260  \\$b LEVANT  BOOKS $aKOLKATA
=300  \\$a306p,23cm
=541  \\$h725
=653  \\$a ANALYSIS  FOURIER 
=653  \\$aMATHEMATICS
=852  \\$p7391$k515.2432$mSTF$a TX  MATH $t1$c RELATED  SUBJECT 

