=LDR  00000nam a2200000Ia 45e0
=008  250121s9999\\\\xx\\\\\\\\\\\\000\0\und\d
=082  \\$a547.7
=100  \\$a MISHRA  G  S 
=245  \\$a POLYMER  CHEMISTRY 
=260  \\$b NEW  AGE  INTERNATIONAL  PUBLISHERS $aLONDON
=300  \\$a252p,25cm
=541  \\$h840
=653  \\$a POLYMER  CHEMISTRY 
=653  \\$aCHEMISTRY
=852  \\$p7395$k547.7$mMIP$a TX  CHEM $t1$c RELATED  SUBJECT 

