=LDR  00000nam a2200000Ia 45e0
=008  250121s9999\\\\xx\\\\\\\\\\\\000\0\und\d
=082  \\$a547.28
=100  \\$a ODIAN  GEORGE 
=245  \\$a PRINCIPLE  OF  POLYMERIZATION 
=260  \\$b JOHN  WILLY  AND  SONS $a NEW  DELHI 
=300  \\$a812p,23cm
=541  \\$h759
=653  \\$a POLYMER  CHEMISTRY 
=653  \\$aCHEMISTRY
=852  \\$p7399$k547.28$mODP$a TX  CHEM $t1$c RELATED  SUBJECT 

