=LDR  00000nam a2200000Ia 45e0
=008  250121s9999\\\\xx\\\\\\\\\\\\000\0\und\d
=082  \\$a657
=100  \\$a GUPTA  R  L 
=245  \\$a ADVANCED  ACCOUNTANCY  VOL-II 
=260  \\$b S.S  CHAND  AND  SONS $a NEW  DELHI 
=300  \\$aQP44,24cm
=541  \\$h685
=653  \\$aACCOUNTING
=653  \\$aCHEMISTRY
=852  \\$p7401$k657$mGUA$a TX  COMM $t1$c RELATED  SUBJECT 

