=LDR  00000nam a2200000Ia 45e0
=008  250121s9999\\\\xx\\\\\\\\\\\\000\0\und\d
=082  \\$a519.5
=100  \\$a GUPTA  S  P 
=245  \\$a STATISTICAL  METHODS 
=260  \\$b S.S  CHAND  AND  SONS $a NEW  DELHI 
=300  \\$a1432p,24cm
=541  \\$h595
=653  \\$aCOMMERCE
=653  \\$aSTATISTICS
=852  \\$p7411$k519.5$mGUS$a TX  COMM $t1$c RELATED  SUBJECT 

