=LDR  00000nam a2200000Ia 45e0
=008  250121s9999\\\\xx\\\\\\\\\\\\000\0\und\d
=082  \\$a657.3
=100  \\$a GUPTA  R  L 
=245  \\$a FINANCIAL  ACCOUNTING 
=260  \\$b S.S  CHAND  AND  SONS $a NEW  DELHI 
=300  \\$aS.216p,24cm
=541  \\$h395
=653  \\$a FINANCIAL  ACCOUNTING 
=653  \\$aCOMMERCE
=852  \\$p7414$k657.3$mGUF$a TX  COMM $t1$c RELATED  SUBJECT 

