=LDR  00000nam a2200000Ia 45e0
=008  250121s9999\\\\xx\\\\\\\\\\\\000\0\und\d
=082  \\$a657.3
=100  \\$a JAIN  S  P 
=245  \\$a FINANCIAL  ACCOUNTING  :  INCLUDING  GST 
=260  \\$b KALYANI  PUBLISHERS $aLUDHIANA
=300  \\$a17.80p,24cm
=541  \\$h450
=653  \\$a FINANCIAL  ACCOUNTING 
=653  \\$aCOMMERCE
=852  \\$p7419$k657.3$mJAF$a TX  COMM $t1$c RELATED  SUBJECT 

