=LDR  00000nam a2200000Ia 45e0
=008  250121s9999\\\\xx\\\\\\\\\\\\000\0\und\d
=082  \\$a332.110954
=100  \\$a JHAMB  RAJESH  KUMAR 
=245  \\$a TRAINING  AND  DEVELOPMENT  :  A  CASE  STUDY  OF  SBI 
=260  \\$b ENKAY  ENTERPRISES $aCHANDIGARH
=300  \\$a248p,23cm
=541  \\$h895
=653  \\$a BANK  CASE  STUDY  STATE  BANK  OF  INDIA 
=653  \\$aCOMMERCE
=852  \\$p7424$k332.110954$mJHT$a TX  COMM $t1$c RELATED  SUBJECT 

