=LDR  00000nam a2200000Ia 45e0
=008  250121s9999\\\\xx\\\\\\\\\\\\000\0\und\d
=082  \\$a658.3
=100  \\$a JHAMB  RAJESH  KUMAR 
=245  \\$a ORGANISATIONAL  BEHAVIOUR  AND  MANAGEMENT 
=260  \\$b NEW  ERA  INTERNATIONAL $aCHANDIGARH
=300  \\$a200p,22cm
=541  \\$h825
=653  \\$a COMMERCE  MANAGEMENT 
=653  \\$a ORGANISATIONAL  BEHAVIOUR    MANAGEMENT 
=852  \\$p7427$k658.3$mJHO$a TX  COMM $t1$c RELATED  SUBJECT 

