=LDR  00000nam a2200000Ia 45e0
=008  250121s9999\\\\xx\\\\\\\\\\\\000\0\und\d
=082  \\$a891.431
=100  \\$a THAKUR  RAVINDARNATH 
=245  \\$aGEETANJALI
=260  \\$b RADHAKRISHAN  PRAKASHAN $a JAGATPURI  DELHI 
=300  \\$a163p,23CM
=541  \\$h350
=653  \\$a HINDI  LITERATURE 
=653  \\$a HINDI  POETRY   
=852  \\$p7430$k891.431$mTHG$a GEN  HINDI $t1$c RELATED  SUBJECT 

