=LDR  00000nam a2200000Ia 45e0
=008  250121s9999\\\\xx\\\\\\\\\\\\000\0\und\d
=082  \\$a891.432
=100  \\$a TENDULKER  VIJAY 
=245  \\$a GHASIRAM  KOTWAL 
=260  \\$b RADHAKRISHAN  PRAKASHAN 
=300  \\$a98p,21CM
=541  \\$h99
=653  \\$a HINDI  DRAMA 
=653  \\$a HINDI  LITERATURE 
=852  \\$p7435$k891.432$mTEG$a GEN  HINDI $t1$c RELATED  SUBJECT 

