=LDR  00000nam a2200000Ia 45e0
=008  250121s9999\\\\xx\\\\\\\\\\\\000\0\und\d
=082  \\$a658.8
=100  \\$a KOTLER  PHILIP 
=245  \\$a MARKETING  MANAGEMENT 
=260  \\$bPEARSON$aNOIDA
=300  \\$a756p,25cm
=541  \\$h999
=653  \\$a MARKETING  MANAGEMENT 
=653  \\$aCOMMERCE
=852  \\$p7440$k658.8$mKOM$a TX  COMM $t1$c RELATED  SUBJECT 

