=LDR  00000nam a2200000Ia 45e0
=008  250121s9999\\\\xx\\\\\\\\\\\\000\0\und\d
=082  \\$a519.5
=100  \\$a JAIN  T  R 
=245  \\$a BUSINESS  STATISTICS  AND  MATHEMATICS 
=260  \\$b V  K  GLOBAL  PUBLICATION  PVT.  LTD. $a NEW  DELHI 
=300  \\$a556p,24cm
=541  \\$h405
=653  \\$a BUSINESS  STATISTICS   
=653  \\$aCOMMERCE
=852  \\$p7443$k519.5$mJAB$a TX  COMM $t1$c RELATED  SUBJECT 

