=LDR  00000nam a2200000Ia 45e0
=008  250121s9999\\\\xx\\\\\\\\\\\\000\0\und\d
=082  \\$a658.3
=100  \\$a KAUR  DALJEET   
=245  \\$a HUMAN  RESOURCE  MANAGEMENT 
=260  \\$b KALYANI  PUBLISHERS $aLUDHIANA
=300  \\$a266p,24cm
=541  \\$h215
=653  \\$a HUMAN  RESOURCE  MANAGEMENT 
=653  \\$aCOMMERCE
=852  \\$p7451$k658.3$mKAH$a TX  COMM $t1$c RELATED  SUBJECT 

