=LDR  00000nam a2200000Ia 45e0
=008  250121s9999\\\\xx\\\\\\\\\\\\000\0\und\d
=082  \\$a519.5
=100  \\$a TANDON  ANUPAMA 
=245  \\$a COMPUTER  ORIENTED  STATISTICAL  METHODS 
=260  \\$b KALYANI  PUBLISHERS $aLUDHIANA
=300  \\$a376p,24cm
=541  \\$h260
=653  \\$a STATISTICAL  METHODS 
=653  \\$aCOMMERCE
=852  \\$p7456$k519.5$mTAC$a TX  COMM $t1$c RELATED  SUBJECT 

