=LDR  00000nam a2200000Ia 45e0
=008  250121s9999\\\\xx\\\\\\\\\\\\000\0\und\d
=082  \\$a336.243
=100  \\$a GAUR  V  P 
=245  \\$a INCOME  TAX  :  LAW  AND  PRACTICS 
=260  \\$b KALYANI  PUBLISHERS $aLUDHIANA
=300  \\$a5.56p,24cm
=541  \\$h360
=653  \\$a INCOME  TAX 
=653  \\$aCOMMERCE
=852  \\$p7461$k336.243$mGAI$a TX  COMM $t1$c RELATED  SUBJECT 

