=LDR  00000nam a2200000Ia 45e0
=008  250121s9999\\\\xx\\\\\\\\\\\\000\0\und\d
=082  \\$a782.42162
=100  \\$a SHIKSHARTHI  DINESH  KUMAR 
=245  \\$a KANGRI  SANSKARIK  AVM  LOK  GEET 
=260  \\$b BHARTIYA  BHASHA  SANSTHAN $aMYSOOR
=300  \\$a78p,22cm
=541  \\$h59.00
=653  \\$a FOLK  SONG  KANGRA 
=653  \\$aMUSIC
=852  \\$p7466$k782.42162$mSHK$a TX  MUSIC $t1$c RELATED  SUBJECT 

