=LDR  00000nam a2200000Ia 45e0
=008  250121s9999\\\\xx\\\\\\\\\\\\000\0\und\d
=082  \\$a 782.42   
=100  \\$a SHIKSHARTHI  DINESH  KUMAR 
=245  \\$a GURU  RAVIDASS  VAANI  MEIN  SANGEET 
=260  \\$b SAMYAK  PRAKSHAN $a NEW  DELHI 
=300  \\$a254p,21cm
=541  \\$h425.00
=653  \\$a RAVIDASS  MUSIC 
=653  \\$aMUSIC
=852  \\$p7471$k 782.42   $mSHG$a TX  MUSIC $t1$c RELATED  SUBJECT 

