=LDR  00000nam a2200000Ia 45e0
=008  250121s9999\\\\xx\\\\\\\\\\\\000\0\und\d
=082  \\$a 338.479  1 
=100  \\$a KAMRA  K  K 
=245  \\$a BASIC  OF  TOURISM 
=260  \\$b KANISHKA  PUBLISHERS        NEW  DELHI $a NEW  DELHI   
=300  \\$a 270P,  25CM   
=541  \\$h995
=653  \\$aECONOMICS
=653  \\$aTOURISM
=852  \\$p7472$k 338.479  1 $mKAB$a RELATED  SUBJECT $t1$c TOUR  AND  TRAVEL 

