=LDR  00000nam a2200000Ia 45e0
=008  250121s9999\\\\xx\\\\\\\\\\\\000\0\und\d
=082  \\$a333.954
=100  \\$a NEGI  S  S   
=245  \\$a HANDBOOK  OF  NATIONAL  PARK  :  WILDLIFE  SANCTUARIES  AND  BIOSPHERE  RESOURCES  IN  INDIA                             
=260  \\$b INDUS  PUBLISHING  COMPANY $a NEW  DELHI   
=300  \\$a279P22CM
=541  \\$h700
=653  \\$a LAND  ECONOMICS 
=653  \\$a NATURAL  RESOURCES  WILDLIFE  BIOSPHERE 
=852  \\$p7474$k333.954$mNEH$a RELATED  SUBJECT $t1$c TOUR  AND  TRAVEL 

