=LDR  00000nam a2200000Ia 45e0
=008  250121s9999\\\\xx\\\\\\\\\\\\000\0\und\d
=082  \\$a 338.479  1 
=100  \\$a SAJNANI  M 
=245  \\$a ENCYCLOPAEDIA  OF  TOURISM  RESOURCES  IN  INDIA  VOL-  II 
=260  \\$b KALPAZ  PUBLICATION $aDELHI
=300  \\$a421P28.5CM
=541  \\$h 5400  set  of  two 
=653  \\$a ECONOMICS  TOURISM  ENCYCLOPEDIA 
=653  \\$a TOURSIM  RESOURCE 
=852  \\$p7478$k 338.479  1 $mSAE$a RELATED  SUBJECT $t1$c TOUR  AND  TRAVEL 

