=LDR  00000nam a2200000Ia 45e0
=008  250121s9999\\\\xx\\\\\\\\\\\\000\0\und\d
=082  \\$a380.145
=100  \\$a RODAY  S 
=245  \\$a TOURISM  OPERATION  AND  MANAGEMENT 
=260  \\$b OXFORD  UNIVERSITY $a NEW  DELHI   
=300  \\$a502P24CM
=541  \\$h565
=653  \\$aECONOMICS
=653  \\$aTOURISM
=852  \\$p7480$k380.145$mROT$a RELATED  SUBJECT $t1$c TOUR  AND  TRAVEL 

