=LDR  00000nam a2200000Ia 45e0
=008  250121s9999\\\\xx\\\\\\\\\\\\000\0\und\d
=082  \\$a 338.479  154 
=100  \\$a DUA  J  C 
=245  \\$a FUNDAMENTALS  OF  TOURISM  AND  TRAVEL  MANAGEMENT 
=260  \\$b KAVERI  BOOKS $a NEW  DELHI   
=300  \\$a384P22CM
=541  \\$h1500
=653  \\$a ECONOMICS  TOURISM   
=653  \\$aTOURISM
=852  \\$p7482$k 338.479  154 $mDUF$a RELATED  SUBJECT $t1$c TOUR  AND  TRAVEL 

