=LDR  00000nam a2200000Ia 45e0
=008  250121s9999\\\\xx\\\\\\\\\\\\000\0\und\d
=082  \\$a 915.404  533 
=100  \\$a LONELY  PLANET 
=245  \\$a LONELY  PLANET  :  INDIA 
=260  \\$b LONELY  PLANET  GLOBAL  LIMITED $aSINGAPORE
=300  \\$a1245P20CM
=541  \\$h2550.77
=653  \\$a GEOGRAPHY  TRAVEL  INDIA 
=653  \\$a TOURISM  TRAVEL  INDIA 
=852  \\$p7484$k 915.404  533 $mLOL$a RELATED  SUBJECT $t1$c TOUR  AND  TRAVEL 

