=LDR  00000nam a2200000Ia 45e0
=008  250121s9999\\\\xx\\\\\\\\\\\\000\0\und\d
=082  \\$a821
=100  \\$a SHEKHAR  SUMAN 
=245  \\$a ROTI  :  THE  PRIME  NEED 
=260  \\$b PRAGATISHEEL  PRAKASHAN $a NEW  DELHI   
=300  \\$a103P22CM
=541  \\$h400
=653  \\$a ENGLISH  LITERATURE 
=653  \\$a ENGLISH  POETRY 
=852  \\$p7486$k821$mSHR$a RELATED  SUBJECT $t1$c GEN  ENG 

