=LDR  00000nam a2200000Ia 45e0
=008  250121s9999\\\\xx\\\\\\\\\\\\000\0\und\d
=082  \\$a 294.543  092 
=100  \\$a YOGANANDA  PARAMAHANSA 
=245  \\$a AUTOBIOGRAPHY  OF  A  YOGI 
=260  \\$b YOGODA  SATSANGA  SOCIETY  OF  INDIA $aKOLKATA
=300  \\$a501P,21CM
=541  \\$h0
=653  \\$a AUTOBIOGRAPHY  YOGI   
=653  \\$aAUTOBIOGRAPHY
=852  \\$p7491$k 294.543  092 $mYOA$a GEN  ENGLISH $t1$c RELATED  SUB 

