=LDR  00000nam a2200000Ia 45e0
=008  250121s9999\\\\xx\\\\\\\\\\\\000\0\und\d
=082  \\$a232
=100  \\$a YOGANANDA  PARAMAHANSA 
=245  \\$a SECOND  COMING  OF  CHRIST  VOL  II 
=260  \\$b YOGODA  SATSANGA  SOCIETY  OF  INDIA $aKOLKATA
=300  \\$a805P,23CM
=541  \\$h0
=653  \\$a CHRISTAIN  THEOLOGY 
=653  \\$a CHRISTOLOGY  JESUS  CHRIST 
=852  \\$p7495$k232$mYOS$a GEN  ENGLISH $t1$c RELATED  SUB 

