=LDR  00000nam a2200000Ia 45e0
=008  250121s9999\\\\xx\\\\\\\\\\\\000\0\und\d
=082  \\$a158.1
=100  \\$a YOGANANDA  PARAMAHANSA 
=245  \\$a LAW  OF  SUCCESS 
=260  \\$b YOGODA  SATSANGA  SOCIETY  OF  INDIA $aKOLKATA
=300  \\$a41P,16CM
=541  \\$h0
=653  \\$a APPLIED  PSYCHOLOGY 
=653  \\$a PSYCHOLOGY  PERSONAL  IMPROVEMENT 
=852  \\$p7496$k158.1$mYOL$a GEN  ENGLISH $t1$c RELATED  SUB 

