=LDR  00000nam a2200000Ia 45e0
=008  250121s9999\\\\xx\\\\\\\\\\\\000\0\und\d
=082  \\$a215
=100  \\$a YOGANANDA  PARAMAHANSA 
=245  \\$a SCIENCE  OF  RELIGION 
=260  \\$b YOGODA  SATSANGA  SOCIETY  OF  INDIA $aKOLKATA
=300  \\$a80P,19CM
=541  \\$h0
=653  \\$a NATURAL  RELIGION 
=653  \\$a SCIENCE    RELIGION 
=852  \\$p7497$k215$mYOS$a GEN  ENGLISH $t1$c RELATED  SUB 

