=LDR  00000nam a2200000Ia 45e0
=008  250121s9999\\\\xx\\\\\\\\\\\\000\0\und\d
=082  \\$a 294.544  8 
=100  \\$a YOGANANDA  PARAMAHANSA 
=245  \\$a WHERE  THERE  IS  LIGHT 
=260  \\$b YOGODA  SATSANGA  SOCIETY  OF  INDIA $aKOLKATA
=300  \\$a240P,19CM
=541  \\$h0
=653  \\$a RELIGION  HINDUISM 
=653  \\$a RELIGIOUS  EXPERIENCE 
=852  \\$p7499$k 294.544  8 $mYOW$a GEN  ENGLISH $t1$c RELATED  SUB 

