=LDR  00000nam a2200000Ia 45e0
=008  250121s9999\\\\xx\\\\\\\\\\\\000\0\und\d
=082  \\$a 294.592  4 
=100  \\$a YOGANANDA  PARAMAHANSA 
=245  \\$a GOD  TALKS  WITH  ARJUN 
=260  \\$b YOGODA  SATSANGA  SOCIETY  OF  INDIA $aKOLKATA
=300  \\$a666P,24CM
=541  \\$h0
=653  \\$a BHAGAVAD  GITA 
=653  \\$a RELIGION  HINDUISM 
=852  \\$p7501$k 294.592  4 $mYOG$a GEN  HINDI $t1$c RELATED  SUB 

