=LDR  00000nam a2200000Ia 45e0
=008  250121s9999\\\\xx\\\\\\\\\\\\000\0\und\d
=082  \\$a262.77
=100  \\$a YOGANANDA  PARAMAHANSA 
=245  \\$a WINE  OF  THE  MYSTIC 
=260  \\$b YOGODA  SATSANGA  SOCIETY  OF  INDIA $aKOLKATA
=300  \\$a233P26CM
=541  \\$h0
=653  \\$a CHRISTAIN  THEOLOGY 
=653  \\$a NATURE  CHURCH 
=852  \\$p7503$k262.77$mYOW$a GEN  ENGLISH $t1$c RELATED  SUB 

