=LDR  00000nam a2200000Ia 45e0
=008  250121s9999\\\\xx\\\\\\\\\\\\000\0\und\d
=082  \\$a 294.54   
=100  \\$a YOGANANDA  PARAMAHANSA 
=245  \\$a MAN  S  ETERNAL  QUEST 
=260  \\$b YOGODA  SATSANGA  SOCIETY  OF  INDIA $aKOLKATA
=300  \\$a550P21CM
=541  \\$h0
=653  \\$a RELIGION  ETERNAL  QUEST 
=653  \\$a RELIGION  HINDUISM 
=852  \\$p7504$k 294.54   $mYOM$a GEN  HINDI $t1$c RELATED  SUB 

