=LDR  00000nam a2200000Ia 45e0
=008  250121s9999\\\\xx\\\\\\\\\\\\000\0\und\d
=082  \\$a 891.433  01 
=100  \\$a JAIN  YASPAL 
=245  \\$a MEERA  KE  PAD  KABEER  KE  BOL  RAHIM  KE  DIHE 
=260  \\$b CENTRAL  BRAILLE  PRESS  DEHRADUN $aDEHRADUN
=300  \\$a33CM
=541  \\$h19-00
=653  \\$a HINDI  LITERATURE 
=653  \\$a HINDI  SHORT  STORIES 
=852  \\$p7505$k 891.433  01 $mJAM$a BRAILLE  SECTION $t1$c RELATED  SUB 

