=LDR  00000nam a2200000Ia 45e0
=008  250121s9999\\\\xx\\\\\\\\\\\\000\0\und\d
=082  \\$a 891.433  01 
=100  \\$a PRITAM  AMRITA 
=245  \\$a AMRIT  PRITAM  KI  KAHANAIAN  VOL  I 
=260  \\$b CENTRAL  BRAILLE  PRESS  DEHRADUN $aDEHRADUN
=300  \\$a33CM
=541  \\$h 42-00  SET  OF  2  VOLS 
=653  \\$a HINDI  LITERATURE 
=653  \\$a HINDI  SHORT  STORIES 
=852  \\$p7506$k 891.433  01 $mPRA$a BRAILLE  SECTION $t1$c RELATED  SUB 

