=LDR  00000nam a2200000Ia 45e0
=008  250121s9999\\\\xx\\\\\\\\\\\\000\0\und\d
=082  \\$a294.3
=100  \\$a CHITERKAR  AJAYEV 
=245  \\$a BUDDHA  KI  KAHANIYAN 
=260  \\$b CENTRAL  BRAILLE  PRESS  DEHRADUN $aDEHRADUN
=300  \\$a33CM
=541  \\$h14-00
=653  \\$aBUDDHISM
=653  \\$aLITRATURE
=852  \\$p7508$k294.3$mCHB$a BRAILLE  SECTION $t1$c RELATED  SUB 

