=LDR  00000nam a2200000Ia 45e0
=008  250121s9999\\\\xx\\\\\\\\\\\\000\0\und\d
=082  \\$a 294.592  2 
=100  \\$aTULSIDASS
=245  \\$a RAM  CHARIT  MANAS  VOL-VI 
=260  \\$b CENTRAL  BRAILLE  PRESS  DEHRADUN $aDEHRADUN
=300  \\$a33CM
=541  \\$h 170-00  SET  OF  6  VOLS 
=653  \\$a HINDUISM  RELIGION 
=653  \\$aRAMAYAN
=852  \\$p7514$k 294.592  2 $mTUS$a BRAILLE  SECTION $t1$c RELATED  SUB 

