=LDR  00000nam a2200000Ia 45e0
=008  250121s9999\\\\xx\\\\\\\\\\\\000\0\und\d
=082  \\$a823.01
=100  \\$a GORKY  MAXIM 
=245  \\$a MOTHER  VOL  IV 
=260  \\$b CENTRAL  BRAILLE  PRESS  DEHRADUN $aDEHRADUN
=300  \\$a28CM
=541  \\$h 139-00  SET  OF  6  VOLS 
=653  \\$a ENGLISH  FICTION 
=653  \\$a ENGLISH  LITERATURE 
=852  \\$p7518$k823.01$mGOM$a BRAILLE  SECTION $t1$c RELATED  SUB 

