=LDR  00000nam a2200000Ia 45e0
=008  250121s9999\\\\xx\\\\\\\\\\\\000\0\und\d
=082  \\$a 491.433  21 
=100  \\$a PATHAK  R  C 
=245  \\$a BHARGAVAS  CONCISE  DICTIONARY  VOL  X 
=260  \\$b CENTRAL  BRAILLE  PRESS  DEHRADUN $aDEHRADUN
=300  \\$a33CM
=541  \\$h 390-00  SET  OF  14  VOLS 
=653  \\$a DICTIONARY  ENGLISH  HINDI 
=653  \\$aDICTIONARY
=852  \\$p7530$k 491.433  21 $mPAB$a BRAILLE  SECTION $t1$c RELATED  SUB 

