=LDR  00000nam a2200000Ia 45e0
=008  250121s9999\\\\xx\\\\\\\\\\\\000\0\und\d
=082  \\$a920.77
=100  \\$a MITTAL  MAHINDER 
=245  \\$a MAHATAMA  GANDHI  :  AHIMSA  KI  HINSA  PAR  VIJAY  (HINDI) 
=260  \\$b CENTRAL  BRAILLE  PRESS  DEHRADUN $aDEHRADUN
=300  \\$a33CM
=541  \\$h13
=653  \\$a MAHATAMA  GANDHI  BIOGRAPHY 
=653  \\$aBIOGRAPHY
=852  \\$p7535$k920.77$mMIM$a BRAILLE  SECTION $t1$c RELATED  SUB 

