=LDR  00000nam a2200000Ia 45e0
=008  250121s9999\\\\xx\\\\\\\\\\\\000\0\und\d
=082  \\$a 294.591  4 
=100  \\$a GITA  PRESS  GORAKHPUR 
=245  \\$a SHRI  MADBHGWAD  GITA  PART  2 
=260  \\$b CENTRAL  BRAILLE  PRESS  DEHRADUN $aDEHRADUN
=300  \\$a33CM
=541  \\$h 78  SET  OF  FOUR 
=653  \\$aGITA
=653  \\$aRELIGION
=852  \\$p7537$k 294.591  4 $mGIS$a BRAILLE  SECTION $t1$c RELATED  SUB 

