=LDR  00000nam a2200000Ia 45e0
=008  250121s9999\\\\xx\\\\\\\\\\\\000\0\und\d
=082  \\$a891.431
=100  \\$a CENTRAL  BRAILLE  PRESS  DEHRADUN 
=245  \\$a SAHASIK  YATRI  GULIVER  SWIFT  JANATHAN  PART  2 
=260  \\$b CENTRAL  BRAILLE  PRESS  DEHRADUN $aDEHRADUN
=300  \\$a33CM
=541  \\$h 48  SET  OF  TWO 
=653  \\$a HINDI  FICTION 
=653  \\$a HINDI  LITERATURE 
=852  \\$p7541$k891.431$mCES$a BRAILLE  SECTION $t1$c RELATED  SUB 

