=LDR  00000nam a2200000Ia 45e0
=008  250121s9999\\\\xx\\\\\\\\\\\\000\0\und\d
=082  \\$a491.435
=100  \\$a GURU  KAMTAPRASAD 
=245  \\$a HINDI  VYAKARAN  (HINDI) 
=260  \\$b VIDHYA  VIHAR $a NEW  DELHI 
=300  \\$a22CM,494P
=541  \\$h800.00
=653  \\$a HINDI  GRAMMAR 
=653  \\$a HINDI  LANGUAGE 
=852  \\$p7542$k491.435$mGUH$a TX  HINDI $t1$c RELATED  SUB 

