=LDR  00000nam a2200000Ia 45e0
=008  250121s9999\\\\xx\\\\\\\\\\\\000\0\und\d
=082  \\$a491.43
=100  \\$a PANDEY  KAILASH  NATH 
=245  \\$a KARYALAEEN  HINDI  (HINDI) 
=260  \\$b GIAN  GANGA $aDELHI
=300  \\$a22CM,368P
=541  \\$h700.00
=653  \\$a HINDI  LANGUAGE 
=653  \\$a HINDI  USAGES  IN  GOVERENMENT  OFFICES 
=852  \\$p7543$k491.43$mPAK$a TX  HINDI $t1$c RELATED  SUB 

