=LDR  00000nam a2200000Ia 45e0
=008  250121s9999\\\\xx\\\\\\\\\\\\000\0\und\d
=082  \\$a 491.43   
=100  \\$a KANSAL  HARIBABU 
=245  \\$a PRASHASANIK  HINDI  NIPUNTA  (HINDI) 
=260  \\$b PRABHAT  PRAKASHAN $aDELHI
=300  \\$a22CM,192P
=541  \\$h350.00
=653  \\$a ADMINISTRATIVE  HINDI 
=653  \\$a HINDI  LANGUAGE 
=852  \\$p7544$k 491.43   $mKAP$a TX  HINDI $t1$c RELATED  SUB 

