=LDR  00000nam a2200000Ia 45e0
=008  250121s9999\\\\xx\\\\\\\\\\\\000\0\und\d
=082  \\$a491.43
=100  \\$a IYER  VISHWANATH  N  E 
=245  \\$a ANUVAD  BHASHTEN  SAMASYAYEN  (HINDI) 
=260  \\$b GIAN  GANGA $aDELHI
=300  \\$a22CM,283P
=541  \\$h500.00
=653  \\$a HINDI  LANGUAGE 
=653  \\$a TRANSLATION    LANGUAGES  PROBLEMS 
=852  \\$p7545$k491.43$mIYA$a TX  HINDI $t1$c RELATED  SUB 

