=LDR  00000nam a2200000Ia 45e0
=008  250121s9999\\\\xx\\\\\\\\\\\\000\0\und\d
=082  \\$a891.434
=100  \\$a PANDEY  SHRADHA 
=245  \\$a VAAD  VIVAD  EVAM  SAMBHASHAN  (HINDI) 
=260  \\$b PRABHAT  PRATISTHAN $aDELHI
=300  \\$a22CM176P
=541  \\$h350.00
=653  \\$a HINDI  ESSAY 
=653  \\$a HINDI  LITERATURE 
=852  \\$p7546$k891.434$mPAV$a GEN  HINDI $t1$c RELATED  SUB 

