=LDR  00000nam a2200000Ia 45e0
=008  250121s9999\\\\xx\\\\\\\\\\\\000\0\und\d
=082  \\$a079.54
=100  \\$aCHATURVEDI
=245  \\$a HINDI  PATRAKARITA  KA  ITIHAS  (HINDI) 
=260  \\$b PRABHAT  PRAKASHAN $aDELHI
=300  \\$a22CM,394P
=541  \\$h800.00
=653  \\$a HISTORY  HINDI  JOURNALISM 
=653  \\$aJOURNALISM
=852  \\$p7547$k079.54$mCHH$a TX  JOUR $t1$c RELATED  SUB 

