=LDR  00000nam a2200000Ia 45e0
=008  250121s9999\\\\xx\\\\\\\\\\\\000\0\und\d
=082  \\$a302.23
=100  \\$a KULSHRESTHA  SUNDEEP 
=245  \\$a BHARAT  MEIN  PRINT  ELECTRONIC  AUR  NEW  MEDIA  (HINDI) 
=260  \\$b PRATIBHA  PRATISTHAN $aDELHI
=300  \\$a22CM,206P
=541  \\$h400.00
=653  \\$a SOCIAL  COMMUINICATION 
=653  \\$a SOCIAL  SCIENCE  SOCIAL  INTERACTION 
=852  \\$p7548$k302.23$mKUB$a GEN  HINDI $t1$c RELATED  SUB 

