=LDR  00000nam a2200000Ia 45e0
=008  250121s9999\\\\xx\\\\\\\\\\\\000\0\und\d
=082  \\$a302.23
=100  \\$a PRAVEER  RAKESH 
=245  \\$a MEDIA  KA  VARTMAAN  PARIDRISHYA  (HINDI) 
=260  \\$b GIAN  GANGA $aDELHI
=300  \\$a22CM,272P
=541  \\$h500.00
=653  \\$a SOCIAL  COMMUINICATION 
=653  \\$a SOCIAL  SCIENCE  SOCIAL  INTERACTION 
=852  \\$p7549$k302.23$mPRM$a GEN  HINDI $t1$c RELATED  SUB 

