=LDR  00000nam a2200000Ia 45e0
=008  250121s9999\\\\xx\\\\\\\\\\\\000\0\und\d
=082  \\$a791.4
=100  \\$a JAILKHANI  ASHOK 
=245  \\$a TELEVISION  KARYAKARM  NIRMAN  PRAKRIYA    (HINDI) 
=260  \\$b GRANTH  AKADEMI $a NEW  DELHI 
=300  \\$a22CM114P
=541  \\$h250.00
=653  \\$a MOTION  PICTURES  TELEVISION 
=653  \\$a RECREATION  PERFORMING  ARTS 
=852  \\$p7550$k791.4$mJAT$a GEN  HINDI $t1$c RELATED  SUB 

