=LDR  00000nam a2200000Ia 45e0
=008  250121s9999\\\\xx\\\\\\\\\\\\000\0\und\d
=082  \\$a 070.891  43 
=100  \\$a MISHRA  KRISHAN  BIHARI 
=245  \\$a HINDI  PATRAKARITA  :  ASHVASTI  AUR  ASHANKA    (HINDI) 
=260  \\$b SAHITYA  PRAKASHAN $aDELHI
=300  \\$a22CM,224P
=541  \\$h450.00
=653  \\$a HINDI  JOURNALISM 
=653  \\$aJOURNALISM
=852  \\$p7551$k 070.891  43 $mMIH$a TX  JOUR $t1$c RELATED  SUB 

