=LDR  00000nam a2200000Ia 45e0
=008  250121s9999\\\\xx\\\\\\\\\\\\000\0\und\d
=082  \\$a891.434
=100  \\$a DUBEY  SHYAMSUNDER 
=245  \\$a SAMSAMAYIK  NIBANDH  (HINDI) 
=260  \\$b VIDYA  VIHAR $a NEW  DELHI 
=300  \\$a22CM,177P
=541  \\$h350.00
=653  \\$a HINDI  LITERATURE 
=653  \\$a SAMSAMAYIKHINDI  ESSAYS 
=852  \\$p7552$k891.434$mDUS$a GEN  HINDI $t1$c RELATED  SUB 

