=LDR  00000nam a2200000Ia 45e0
=008  250121s9999\\\\xx\\\\\\\\\\\\000\0\und\d
=082  \\$a891.439
=100  \\$a BALI  TARAKNATH 
=245  \\$a HINDI  SAHITYA  KA  ADHUNIK  ITIHAS  (HINDI) 
=260  \\$b PRABHAT  PRAKASHAN $aDELHI
=300  \\$a24CM,528P
=541  \\$h900.00
=653  \\$a HINDI  LITERATURE 
=653  \\$a HINDI  LITERATURE  HISTORY   
=852  \\$p7553$k891.439$mBAH$a TX  HINDI $t1$c RELATED  SUB 

