=LDR  00000nam a2200000Ia 45e0
=008  250121s9999\\\\xx\\\\\\\\\\\\000\0\und\d
=082  \\$a491.439
=100  \\$a KUKRETI  HEMANT 
=245  \\$a HINDI  BHASHA  AUR  SAHITYA  KA  VASTUNISHTH  ITIHAS    (HINDI) 
=260  \\$b SASTA  SAHITYA  PRAKASHAN   $aDELHI
=300  \\$a22cm,320P
=541  \\$h450.00
=653  \\$a HINDI  LANGUAGE  LITERATURE 
=653  \\$a HISTORY  HINDI  LANGUAGE  LITERATURE 
=852  \\$p7554$k491.439$mKUH$a TX  HINDI $t1$c RELATED  SUB 

