=LDR  00000nam a2200000Ia 45e0
=008  250121s9999\\\\xx\\\\\\\\\\\\000\0\und\d
=082  \\$a891.434
=100  \\$a KAPOOR  SHYAMCHANDER 
=245  \\$a HINDI  NIBHAND  SAURABH  (HINDI) 
=260  \\$b GRANTH  AKADEMI $a NEW  DELHI 
=300  \\$a22CM,154P
=541  \\$h300.00
=653  \\$a HINDI  ESSAY 
=653  \\$a HINDI  LITERATURE 
=852  \\$p7556$k891.434$mKAH$a GEN  HINDI $t1$c RELATED  SUB 

