=LDR  00000nam a2200000Ia 45e0
=008  250121s9999\\\\xx\\\\\\\\\\\\000\0\und\d
=082  \\$a702.9
=100  \\$a KHAN  SASHIDHAR 
=245  \\$a PICASSO  :  EK  JIVANI  (HINDI)   
=260  \\$b GIAN  GANGA $aDELHI
=300  \\$a22CM,167P
=541  \\$h350.00
=653  \\$a BIOGRAPHY  PICASSO 
=852  \\$p7557$k702.9$mKHP$a GEN  HINDI $t1$c RELATED  SUB 

