=LDR  00000nam a2200000Ia 45e0
=008  250121s9999\\\\xx\\\\\\\\\\\\000\0\und\d
=082  \\$a891.431
=100  \\$a GABBHIR  SURINDER  KUMAR 
=245  \\$a GITANJALI  (HINDI) 
=260  \\$b VIDHYA  VIHAR $a NEW  DELHI 
=300  \\$a22CM,118P
=541  \\$h250.00
=653  \\$a HINDI  LITERATURE 
=653  \\$a HINDI  POETRY 
=852  \\$p7558$k891.431$mGAG$a GEN  HINDI $t1$c RELATED  SUB 

