=LDR  00000nam a2200000Ia 45e0
=008  250121s9999\\\\xx\\\\\\\\\\\\000\0\und\d
=082  \\$a891.43
=100  \\$aJAYSHRI
=245  \\$a AMAR  SUKTIYAN  (HINDI) 
=260  \\$b SASTA  SAHITYA  PRAKASHAN   $aDELHI
=300  \\$a22CM,98P
=541  \\$h125.00
=653  \\$a HINDI  LITERATURE 
=653  \\$a HINDI  PROVERBS 
=852  \\$p7559$k891.43$mJAA$a GEN  HINDI $t1$c RELATED  SUB 

