=LDR  00000nam a2200000Ia 45e0
=008  250121s9999\\\\xx\\\\\\\\\\\\000\0\und\d
=082  \\$a891.43
=100  \\$a SHARMA  MAHESH 
=245  \\$a MEIN  KHALIL  GIBRAN  BOL  RAHA  HOON  (HINDI) 
=260  \\$b PRABHAT  PRATISTHAN $a NEW  DELHI 
=300  \\$a22CM,126P
=541  \\$h350.00
=653  \\$a HINDI  LITERATURE 
=653  \\$a KHALIL  GIBRAN  LITERARURE 
=852  \\$p7560$k891.43$mSHM$a GEN  HINDI $t1$c RELATED  SUB 

