=LDR  00000nam a2200000Ia 45e0
=008  250121s9999\\\\xx\\\\\\\\\\\\000\0\und\d
=082  \\$a491.435
=100  \\$a PANDEY  B  N   
=245  \\$a ADYATAN  HINDI  VYAKARAN  (HINDI) 
=260  \\$b VIDYA  VIKAS  ACADEMY $a NEW  DELHI 
=300  \\$a22CM,192P
=541  \\$h400.00
=653  \\$a HINDI  GRAMMAR 
=653  \\$a HINDI  LANGUAGE 
=852  \\$p7561$k491.435$mPAA$a TX  HINDI $t1$c RELATED  SUB 

