=LDR  00000nam a2200000Ia 45e0
=008  250121s9999\\\\xx\\\\\\\\\\\\000\0\und\d
=082  \\$a 891.433  01 
=100  \\$a PHULL  SUSHIL  KUMAR 
=245  \\$a SUSHIL  KUMAR  PHULL  KI  LOKPRIYA  KAHANIYAN  (HINDI) 
=260  \\$b PRABHAT  PRAKASHAN $aDELHI
=300  \\$a22CM,176P
=541  \\$h350.00
=653  \\$a HINDI  LITERATURE 
=653  \\$a HINDI  SHORT  STORIES 
=852  \\$p7562$k 891.433  01 $mPHS$a GEN  HINDI $t1$c RELATED  SUB 

