=LDR  00000nam a2200000Ia 45e0
=008  250121s9999\\\\xx\\\\\\\\\\\\000\0\und\d
=082  \\$a659.2
=100  \\$a SHARMA  KUMUD 
=245  \\$a JANSAMPARK  PRABANDHAN  (HINDI) 
=260  \\$b GIAN  GANGA $aDELHI
=300  \\$a22CM,197P
=541  \\$h250.00
=653  \\$a PUBLIC  RELATION  MANAGEMENT 
=653  \\$aMANAGEMENT
=852  \\$p7563$k659.2$mSHJ$a GEN  HINDI $t1$c RELATED  SUB 

