=LDR  00000nam a2200000Ia 45e0
=008  250121s9999\\\\xx\\\\\\\\\\\\000\0\und\d
=082  \\$a070.43
=100  \\$a ARYA  P  K 
=245  \\$a SAMACHAAR  LEKHAN  (HINDI) 
=260  \\$b VIDHYA  VIHAR $a NEW  DELHI 
=300  \\$a22CM,204P
=541  \\$h250.00
=653  \\$a NEWS  WRITING 
=653  \\$aJOURNALISM
=852  \\$p7564$k070.43$mARS$a TX  JOUR $t1$c RELATED  SUB 

