=LDR  00000nam a2200000Ia 45e0
=008  250121s9999\\\\xx\\\\\\\\\\\\000\0\und\d
=082  \\$a 070.891  43 
=100  \\$a KAUL  JWAHAR  LAL 
=245  \\$a HINDI  PATRAKARITA  KA  BAZAR  BHAV  (HINDI) 
=260  \\$b PRABHAT  PRAKASHAN $aDELHI
=300  \\$a22CM,261P
=541  \\$h250.00
=653  \\$a HINDI  JOURNALISM 
=653  \\$aJOURNALISM
=852  \\$p7565$k 070.891  43 $mKAH$a TX  JOUR $t1$c RELATED  SUB 

