=LDR  00000nam a2200000Ia 45e0
=008  250121s9999\\\\xx\\\\\\\\\\\\000\0\und\d
=082  \\$a928
=100  \\$a KISHORE  KOUSHAL 
=245  \\$a MAHARISHI  ARBINDO  GHOSH  (HINDI) 
=260  \\$b SASTA  SAHITYA  PRAKASHAN   $aDELHI
=300  \\$a22CM,79P
=541  \\$h175.00
=653  \\$a BIOGRAPHY  ARBIONDO  GHOSH 
=653  \\$a BIOGRAPHY  ARBIONDO  GHOSH 
=852  \\$p7566$k928$mKIM$a GEN  HINDI $t1$c RELATED  SUB 

