=LDR  00000nam a2200000Ia 45e0
=008  250121s9999\\\\xx\\\\\\\\\\\\000\0\und\d
=082  \\$a920
=100  \\$a NADAN  MUKESH   
=245  \\$a VISHWA  VYAKTI  KOSH  (HINDI) 
=260  \\$b SASTA  SAHITYA  PRAKASHAN   $aDELHI
=300  \\$a22CM254P
=541  \\$h500.00
=653  \\$a BIOGRAPHY   
=653  \\$a BIOGRAPHY  FAMOUS  PEOPLE 
=852  \\$p7567$k920$mNAV$a GEN  HINDI $t1$c RELATED  SUB 

