=LDR  00000nam a2200000Ia 45e0
=008  250121s9999\\\\xx\\\\\\\\\\\\000\0\und\d
=082  \\$a 891.448  509 
=100  \\$a RADHAKRISHNAN  S 
=245  \\$a RAVINDERNATH  TAGORE  KA  DARSHAN  (HINDI) 
=260  \\$b PRABHAT  PRAKASHAN $a NEW  DELHI 
=300  \\$a22CM,175P
=541  \\$h350.00
=653  \\$a BIOGRAPHY    RAVINDERNATH  TAGORE 
=653  \\$a BIOGRAPHY  RAVINDERNATH  TAGORE 
=852  \\$p7568$k 891.448  509 $mRAR$a GEN  HINDI $t1$c RELATED  SUB 

