=LDR  00000nam a2200000Ia 45e0
=008  250121s9999\\\\xx\\\\\\\\\\\\000\0\und\d
=082  \\$a323.954
=100  \\$aMISHRASUBHASH
=245  \\$a MANAVAADHIKAR  KA  MANVEEYE  CHEHARA  (HINDI) 
=260  \\$b PRABHAT  PRATISTHAN $a NEW  DELHI 
=300  \\$a22CM,111P
=541  \\$h150.00
=653  \\$a HUMAN  RIGHTS 
=653  \\$a HUMAN  RIGHTS  INDIA 
=852  \\$p7569$k323.954$mMIM$a GEN  HINDI $t1$c RELATED  SUB 

