=LDR  00000nam a2200000Ia 45e0
=008  250121s9999\\\\xx\\\\\\\\\\\\000\0\und\d
=082  \\$a305.4
=100  \\$a MEHROTRA  MAMTA 
=245  \\$a MAHILA  ADHIKAR  AUR  MANV  ADHIKAR  (HINDI) 
=260  \\$b GIAN  GANGA $aDELHI
=300  \\$a22CM,159P
=541  \\$h400.00
=653  \\$a WOMEN  DEVELOPMENT 
=653  \\$a WOMEN  GENDER  JUSTICE 
=852  \\$p7570$k305.4$mMEM$a GEN  HINDI $t1$c RELATED  SUB 

