=LDR  00000nam a2200000Ia 45e0
=008  250121s9999\\\\xx\\\\\\\\\\\\000\0\und\d
=082  \\$a323.154
=100  \\$a PRADHAN  ASHOK 
=245  \\$a DALIT  CHINTAN  (HINDI) 
=260  \\$b PRABHAT  PRAKASHAN $aDELHI
=300  \\$a22CM,126P
=541  \\$h250.00
=653  \\$a CIVIL  AND  POLITICAL  RIGHTS 
=653  \\$aDALIT
=852  \\$p7572$k323.154$mPRD$a GEN  HINDI $t1$c RELATED  SUB 

