=LDR  00000nam a2200000Ia 45e0
=008  250121s9999\\\\xx\\\\\\\\\\\\000\0\und\d
=082  \\$a370.954
=100  \\$a BATRA  DINANATH 
=245  \\$a BHARTIYE  SHIKSHA  KA  SWAROOP  (HINDI) 
=260  \\$b PRABHAT  PRAKASHAN $a NEW  DELHI 
=300  \\$a22CM,272P
=541  \\$h500.00
=653  \\$a   INDIAN  EDUCATION 
=653  \\$aEDUCATION
=852  \\$p7573$k370.954$mBAB$a TX  EDU $t1$c RELATED  SUB 

