=LDR  00000nam a2200000Ia 45e0
=008  250121s9999\\\\xx\\\\\\\\\\\\000\0\und\d
=082  \\$a370.954
=100  \\$a KOTHARI  ATUL 
=245  \\$a SHIKSHA  VIKLAP  AVM  AAYAM  (HINDI) 
=260  \\$b PRABHAT  PRAKASHAN $a NEW  DELHI 
=300  \\$a22CM,240P
=541  \\$h400.00
=653  \\$a   INDIAN  EDUCATION 
=653  \\$aEDUCATION
=852  \\$p7574$k370.954$mKOS$a TX  EDU $t1$c RELATED  SUB 

