=LDR  00000nam a2200000Ia 45e0
=008  250121s9999\\\\xx\\\\\\\\\\\\000\0\und\d
=082  \\$a 370   
=100  \\$a SINHA  PAWAN 
=245  \\$a SHIKSHA  KEDWANDWA  (HINDI) 
=260  \\$b PRABHAT  PRAKASHAN $a NEW  DELHI 
=300  \\$a22CM,176P
=541  \\$h350.00
=653  \\$aEDUCATION
=653  \\$aEDUCATION
=852  \\$p7575$k 370   $mSIS$a TX  EDU $t1$c RELATED  SUB 

