=LDR  00000nam a2200000Ia 45e0
=008  250121s9999\\\\xx\\\\\\\\\\\\000\0\und\d
=082  \\$a 370   
=100  \\$a MEHROTRA  MAMTA 
=245  \\$a SHIKSHA  KE  SATH  PRAYOG  (HINDI) 
=260  \\$b PRABHAT  PRAKASHAN $a NEW  DELHI 
=300  \\$a22CM,128P
=541  \\$h300.00
=653  \\$a EDUCATION  EXPERIMENTS 
=653  \\$aEDUCATION
=852  \\$p7576$k 370   $mMES$a TX  EDU $t1$c RELATED  SUB 

