=LDR  00000nam a2200000Ia 45e0
=008  250121s9999\\\\xx\\\\\\\\\\\\000\0\und\d
=082  \\$a 891.433  01 
=100  \\$a GARG  MRIDULA 
=245  \\$a MERI  KATHA  YATRA  (HINDI) 
=260  \\$b INDERPRASTH  PRAKASHAN $aDELHI
=300  \\$a22CM,208P
=541  \\$h300.00
=653  \\$a HINDI  LITERATURE 
=653  \\$a HINDI  SHORT  STORIES 
=852  \\$p7577$k 891.433  01 $mGAM$a GEN  HINDI $t1$c RELATED  SUB 

