=LDR  00000nam a2200000Ia 45e0
=008  250121s9999\\\\xx\\\\\\\\\\\\000\0\und\d
=082  \\$a 891.433  01 
=100  \\$a VIKRAM  NAND  KISHORE 
=245  \\$a URDU  KAHANIKAR  KHWAJA  AHMED  ABAAS  AUR  UNI  SHRESHTH  KAHANIYAN 
=260  \\$b INDERPRASTH  PRAKASHAN $aDELHI
=300  \\$a22CM,160P
=541  \\$h395.00
=653  \\$a HINDI  LITERATURE  URDE  TRANSLATED 
=653  \\$a URDU  HINDI  SHORT  STORIES 
=852  \\$p7579$k 891.433  01 $mVIU$a GEN  HINDI $t1$c RELATED  SUB 

