=LDR  00000nam a2200000Ia 45e0
=008  250121s9999\\\\xx\\\\\\\\\\\\000\0\und\d
=082  \\$a 891.433  01 
=100  \\$a ISSER  DEVENDER 
=245  \\$a MANTO  KI  SHRESTH  KAHANIYAN  (HINDI) 
=260  \\$b INDERPRASTH  PRAKASHAN $aDELHI
=300  \\$a22CM193P
=541  \\$h495.00
=653  \\$a HINDI  LITERATURE 
=653  \\$a HINDI  SHORT  STORIES 
=852  \\$p7580$k 891.433  01 $mISM$a GEN  HINDI $t1$c RELATED  SUB 

