=LDR  00000nam a2200000Ia 45e0
=008  250121s9999\\\\xx\\\\\\\\\\\\000\0\und\d
=082  \\$a 370   
=100  \\$a MISHRA  RAJINDER 
=245  \\$a AADHUNIK  SHIKSHA  KI  CHUNOTIYAN  (HINDI) 
=260  \\$b VIDYARTHI  PRAKASHAN $aDELHI
=300  \\$a22CM,288P
=541  \\$h695.00
=653  \\$a EDUCATION  CHALLANGES 
=653  \\$aEDUCATION
=852  \\$p7581$k 370   $mMIA$a TX  EDU $t1$c RELATED  SUB 

