=LDR  00000nam a2200000Ia 45e0
=008  250121s9999\\\\xx\\\\\\\\\\\\000\0\und\d
=082  \\$a370.922
=100  \\$a MISHRA  RAJINDER 
=245  \\$a BHARAT  KE  SHIKSHARTHI  (HINDI) 
=260  \\$b POONAM  PUSTAK  BHAWAN $aDELHI
=300  \\$a22CM,192P
=541  \\$h495.00
=653  \\$a BIOGRAPHY  EDUCATIONISTS  INDIA 
=653  \\$a EDUCATION  BIOGRAPHY 
=852  \\$p7582$k370.922$mMIB$a TX  EDU $t1$c RELATED  SUB 

