=LDR  00000nam a2200000Ia 45e0
=008  250121s9999\\\\xx\\\\\\\\\\\\000\0\und\d
=082  \\$a 070   
=100  \\$a SHARMA  KULDEEP 
=245  \\$a SUCHANA  VIKAS  PATARAKARITA  NAYE  SANDHARBH  (HINDI) 
=260  \\$b EVEREST  PUBLICATIONS $aDELHI
=300  \\$a22CM,166P
=541  \\$h450.00
=653  \\$a JOURNALISM  INFORMATION  DEVELOPMENT 
=653  \\$aJOURNALISM
=852  \\$p7583$k 070   $mSHS$a TX  JOUR $t1$c RELATED  SUB 

