=LDR  00000nam a2200000Ia 45e0
=008  250121s9999\\\\xx\\\\\\\\\\\\000\0\und\d
=082  \\$a302.23
=100  \\$a ISSER  DEVENDER 
=245  \\$a JANMADHYAM  SAMPRESHAN  AUR  VIKAS 
=260  \\$b INDERPRASTH  PRAKASHAN $aDELHI
=300  \\$a22CM,160P
=541  \\$h395.00
=653  \\$a SOCIAL  COMMUINICATION 
=653  \\$a SOCIAL  SCIENCE  SOCIAL  INTERACTION 
=852  \\$p7584$k302.23$mISJ$a GEN  HINDI $t1$c RELATED  SUB 

