=LDR  00000nam a2200000Ia 45e0
=008  250121s9999\\\\xx\\\\\\\\\\\\000\0\und\d
=082  \\$a302.23
=100  \\$a CHAUHAN  VIJENDER  SINGH 
=245  \\$a MEDIA  VE  SATRI  EK  UTER  VIMARSH  (HINDI) 
=260  \\$b SAHITYA  BHARTI $aDELHI
=300  \\$a22CM,112P
=541  \\$h295.00
=653  \\$a SOCIAL  COMMUINICATION  MEDIA  WOMEN 
=653  \\$a SOCIAL  SCIENCE  SOCIAL  INTERACTION 
=852  \\$p7585$k302.23$mCHM$a GEN  HINDI $t1$c RELATED  SUB 

