=LDR  00000nam a2200000Ia 45e0
=008  250121s9999\\\\xx\\\\\\\\\\\\000\0\und\d
=082  \\$a920
=100  \\$a GULATI  VINAY 
=245  \\$a MAKIYAWALI  :  SHASHAK 
=260  \\$b MADAN  LAL  AND  SONS $aDELHI
=300  \\$a22CM,160P
=541  \\$h395.00
=653  \\$a BIOGRAPHY   
=653  \\$a BIOGRAPHY  MAKIYAWALI 
=852  \\$p7587$k920$mGUM$a GEN  HINDI $t1$c RELATED  SUB 

