=LDR  00000nam a2200000Ia 45e0
=008  250121s9999\\\\xx\\\\\\\\\\\\000\0\und\d
=082  \\$a320.54
=100  \\$a TAGORE  RAVINDERNATH 
=245  \\$aNATIONALISM
=260  \\$b FINGER  PRINT  CLASSICS $aDELHI
=300  \\$a20CM,119P
=541  \\$h110.00
=653  \\$a POLITICAL  SCIENCE 
=653  \\$aNATIONALISM
=852  \\$p7588$k320.54$mTAN$a GEN  ENG $t1$c RELATED  SUB 

