=LDR  00000nam a2200000Ia 45e0
=008  250121s9999\\\\xx\\\\\\\\\\\\000\0\und\d
=082  \\$a823.01
=100  \\$a SWIFT  JONATHAN 
=245  \\$a GULLIVERS  TRAVELLS 
=260  \\$b SPARROW  BOOKS   $a NEW  DELHI 
=300  \\$a22CM,4268P
=541  \\$h139.50
=653  \\$a ENGLISH  LITERATURE 
=653  \\$a ENGLISH  SHORT  STORIES 
=852  \\$p7589$k823.01$mSWG$a GEN  ENG $t1$c RELATED  SUB 

