=LDR  00000nam a2200000Ia 45e0
=008  250121s9999\\\\xx\\\\\\\\\\\\000\0\und\d
=082  \\$a823
=100  \\$a TILAK  RAGHUKUL  GIRISH  KARNAD 
=245  \\$aTUGHLAQ
=260  \\$b RAMA  BROTHERS $a NEW  DELHI 
=300  \\$a22CM,211P
=541  \\$h180.00
=653  \\$a ENGLISH  FICTION 
=653  \\$a ENGLISH  LITERATURE 
=852  \\$p7590$k823$mTIT$a GEN  ENG $t1$c RELATED  SUB 

