=LDR  00000nam a2200000Ia 45e0
=008  250121s9999\\\\xx\\\\\\\\\\\\000\0\und\d
=082  \\$a823
=100  \\$a NARAYAN  R  K 
=245  \\$a DARK  ROOM 
=260  \\$b INDIAN  THOUGHT  PUBLICATIONS $aCHENNAI
=300  \\$a22CM,162P
=541  \\$h165.00
=653  \\$a ENGLISH  FICTION 
=653  \\$a ENGLISH  LITERATURE 
=852  \\$p7591$k823$mNAD$a GEN  ENG $t1$c RELATED  SUB 

