=LDR  00000nam a2200000Ia 45e0
=008  250121s9999\\\\xx\\\\\\\\\\\\000\0\und\d
=082  \\$a 891.433  01 
=100  \\$a BOND  RUSKIN 
=245  \\$a BLUE  UMBRELLA 
=260  \\$b RUPA  PUBLICATIONS  INDIA  PVT  LTD $a NEW  DELHI 
=300  \\$a18CM,83P
=541  \\$h95.00
=653  \\$a ENGLISH  LITERATURE 
=653  \\$a ENGLISH  SHORT  STORIES 
=852  \\$p7593$k 891.433  01 $mBOB$a GEN  ENG $t1$c RELATED  SUB 

