=LDR  00000nam a2200000Ia 45e0
=008  250121s9999\\\\xx\\\\\\\\\\\\000\0\und\d
=082  \\$a823
=100  \\$a DICKENS  CHARLES 
=245  \\$a OLIVER  TWIST 
=260  \\$b SPARROW  BOOKS   $a NEW  DELHI 
=300  \\$a21CM,415P
=541  \\$h199.50
=653  \\$a ENGLISH  FICTION 
=653  \\$a ENGLISH  LITERATURE 
=852  \\$p7594$k823$mDIO$a GEN  ENG $t1$c RELATED  SUB 

