=LDR  00000nam a2200000Ia 45e0
=008  250121s9999\\\\xx\\\\\\\\\\\\000\0\und\d
=082  \\$a823
=100  \\$a TENDULKAR  VIJAY 
=245  \\$a SILENCE  THE  COURT  IS  IN  SESSION 
=260  \\$b SURJEET  PUBLICATION $aDELHI
=300  \\$a22CM,92P
=541  \\$h100.00
=653  \\$a ENGLISH  FICTION 
=653  \\$a ENGLISH  LITERATURE 
=852  \\$p7595$k823$mTES$a GEN  ENG $t1$c RELATED  SUB 

