=LDR  00000nam a2200000Ia 45e0
=008  250121s9999\\\\xx\\\\\\\\\\\\000\0\und\d
=082  \\$a 891.430  9 
=100  \\$a PHULL  SUSHIL  KUMAR 
=245  \\$a HINDI  SAHITYEKA  SUBODH  ITIHAS  (HINDI) 
=260  \\$bPEARSON$aDELHI
=300  \\$a23CM,427P
=541  \\$h500.00
=653  \\$a HINDI  LITERATURE 
=653  \\$a HINDI  LITERATURE  HISTORY   
=852  \\$p7597$k 891.430  9 $mPHH$a TX  HINDI $t1$c RELATED  SUB 

