=LDR  00000nam a2200000Ia 45e0
=008  250121s9999\\\\xx\\\\\\\\\\\\000\0\und\d
=082  \\$a920
=100  \\$a PHULL  SUSHIL  KUMAR 
=245  \\$a YUGPURUSH  DOCTOR  KESHAV  BALIRAM  HEDGEWAR  (HINDI) 
=260  \\$b KEEN  BOOKS $aDELHI
=300  \\$a22CM,128P
=541  \\$h350.00
=653  \\$a BIOGRAPHY   
=653  \\$a BIOGRAPHY  KESHAV  BALIRAM  HEDGEWAR 
=852  \\$p7601$k920$mPHY$a GEN  HINDI $t1$c RELATED  SUB 

