=LDR  00000nam a2200000Ia 45e0
=008  250121s9999\\\\xx\\\\\\\\\\\\000\0\und\d
=082  \\$a891.433
=100  \\$a PHULL  ASHU 
=245  \\$a HIMACHAL  KA  HINDI  UPNYAS  (HINDI) 
=260  \\$b RACHANA  PUBLICATIONS   $a RAJPUR  PALAMPUR 
=300  \\$a21CM,93P
=541  \\$h80.00
=653  \\$a HINDI  FICTION  HIMACHAL 
=653  \\$a HINDI  LITERATURE 
=852  \\$p7602$k891.433$mPHH$a GEN  ENG $t1$c RELATED  SUB 

