=LDR  00000nam a2200000Ia 45e0
=008  250121s9999\\\\xx\\\\\\\\\\\\000\0\und\d
=082  \\$a 891.433  01 
=100  \\$a PHULL  SUSHIL  KUMAR 
=245  \\$a MUNSHI  PREM  CHAND  KI  UTKRISHT  KAHANIYAN  (HINDI) 
=260  \\$b UNICORN  BOOKS $a NEW  DELHI 
=300  \\$a21CM,148P
=541  \\$h110.00
=653  \\$a HINDI  LITERATURE 
=653  \\$a HINDI  SHORT  STORIES 
=852  \\$p7608$k 891.433  01 $mPHH$a GEN  ENG $t1$c RELATED  SUB 

