=LDR  00000nam a2200000Ia 45e0
=008  250121s9999\\\\xx\\\\\\\\\\\\000\0\und\d
=082  \\$a 891.433  01 
=100  \\$a PHULL  SUSHIL  KUMAR 
=245  \\$a SAMKALEEN  KALJAYI  KAHANIYAN  (HINDI) 
=260  \\$b UNICORN  BOOKS $a NEW  DELHI 
=300  \\$a21CM,293P
=541  \\$h300.00
=653  \\$a HINDI  LITERATURE 
=653  \\$a HINDI  SHORT  STORIES 
=852  \\$p7613$k 891.433  01 $mPHS$a GEN  ENG $t1$c RELATED  SUB 

