=LDR  00000nam a2200000Ia 45e0
=008  250121s9999\\\\xx\\\\\\\\\\\\000\0\und\d
=082  \\$a823
=100  \\$a VALMIKI  OMPARKASH 
=245  \\$a JOOTHAN:  A  DALIT`S  LIFE 
=260  \\$b SAMAYA  PUBLICATION $aKOLKATTA
=300  \\$a22CM,139P
=541  \\$h500.00
=653  \\$a ENGLISH  FICTION 
=653  \\$a ENGLISH  LITERATURE 
=852  \\$p7619$k823$mVAJ$a GEN  ENG $t1$c RELATED  SUB 

