=LDR  00000nam a2200000Ia 45e0
=008  250121s9999\\\\xx\\\\\\\\\\\\000\0\und\d
=082  \\$a577
=100  \\$a ODUM  EUGENE  P 
=245  \\$a FUNDAMENTALS  OF  ECOLOGY 
=260  \\$b CENGAGE  LEARNING $aANDOVER
=300  \\$a25CM,596P
=541  \\$h799.00
=653  \\$aBIOLOGY
=653  \\$aECOLOGY
=852  \\$p7624$k577$mODF$a TX  BIO $t1$c RELATED  SUB 

