=LDR  00000nam a2200000Ia 45e0
=008  250121s9999\\\\xx\\\\\\\\\\\\000\0\und\d
=082  \\$a572
=100  \\$a BUCHANAN  BOB  B 
=245  \\$a BIOCHEMISTRY  AND  MOLECULAR  BIOLOGY  OF  PLANTS 
=260  \\$b WILEY  BLACKWELL $aOXFORD
=300  \\$a25CM,1264P
=541  \\$h   11532.38 
=653  \\$a BIOCHEMISTRY  MOLECULAR  BIOLOGY  PLANTS 
=653  \\$aBOTANY
=852  \\$p7625$k572$mBUB$a TX  BOT $t1$c RELATED  SUB 

