=LDR  00000nam a2200000Ia 45e0
=008  250121s9999\\\\xx\\\\\\\\\\\\000\0\und\d
=082  \\$a571.6
=100  \\$a ALBERTS  BRUCE 
=245  \\$a MOLECULAR  BIOLOGY  OF  THE  CELL 
=260  \\$b W  W  NORTON  AND  CO $a NEW  YORK 
=300  \\$a 25CM,T  1 
=541  \\$h9180.00
=653  \\$a MOLECULAR  CELL  BIOLOGY 
=653  \\$aBIOLOGY
=852  \\$p7626$k571.6$mBRM$a TX  BIO $t1$c RELATED  SUB 

