=LDR  00000nam a2200000Ia 45e0
=008  250121s9999\\\\xx\\\\\\\\\\\\000\0\und\d
=082  \\$a782
=100  \\$a MISHRA  ARUN 
=245  \\$a BHARATIYA  KANTH  SANGEET  AUR  VADYA  SANGEET  :  GAYAN  VADAN  SUMEL  (HINDI) 
=260  \\$b KANISKA  PUBLISHERS  DISRIBUTORS $a NEW  DELHI 
=300  \\$a22CM,299P
=541  \\$h 900.00   
=653  \\$a VOCAL  MUSIC 
=653  \\$aMUSIC
=852  \\$p7627$k782$mMIB$a TX  MUSIC $t1$c RELATED  SUB 

