=LDR  00000nam a2200000Ia 45e0
=008  250121s9999\\\\xx\\\\\\\\\\\\000\0\und\d
=082  \\$a782
=100  \\$a PANDEY  AMIT 
=245  \\$a KHAYAL  GAYAKI  AUR  BHAKTI  RAS  (HINDI) 
=260  \\$b KANISKA  PUBLISHERS  DISRIBUTORS $a NEW  DELHI 
=300  \\$a22CM,251P
=541  \\$h 750.00   
=653  \\$a VOCAL  MUSIC 
=653  \\$aMUSIC
=852  \\$p7630$k782$mPAK$a TX  MUSIC $t1$c RELATED  SUB 

