=LDR  00000nam a2200000Ia 45e0
=008  250121s9999\\\\xx\\\\\\\\\\\\000\0\und\d
=082  \\$a780.954
=100  \\$a GOSWAMI  HARIKISHAN 
=245  \\$a BHARATIYA  SANGEET  KI  PARAMPRA  VANSHANUKRAM  EVM  VATAVARAN  (HINDI) 
=260  \\$b KANISKA  PUBLISHERS  DISRIBUTORS $a NEW  DELHI 
=300  \\$a22CM,88P
=541  \\$h 350.00   
=653  \\$a INDIAN  MUSIC 
=653  \\$aMUSIC
=852  \\$p7633$k780.954$mGOB$a TX  MUSIC $t1$c RELATED  SUB 

