=LDR  00000nam a2200000Ia 45e0
=008  250121s9999\\\\xx\\\\\\\\\\\\000\0\und\d
=082  \\$a780.72
=100  \\$a PATWARDHAN  SUDHA 
=245  \\$a SANGEET  SHIKSHA  (HINDI) 
=260  \\$b KANISKA  PUBLISHERS  DISRIBUTORS $a NEW  DELHI 
=300  \\$a22CM,86P
=541  \\$h 350.00   
=653  \\$a MUSIC  EDUCATION 
=653  \\$aMUSIC
=852  \\$p7636$k780.72$mPAS$a TX  MUSIC $t1$c RELATED  SUB 

