=LDR  00000nam a2200000Ia 45e0
=008  250121s9999\\\\xx\\\\\\\\\\\\000\0\und\d
=082  \\$a781.264
=100  \\$a VERMA  CHAMAN  LAL 
=245  \\$a RAAG  TARANG  (HINDI) 
=260  \\$b KANISKA  PUBLISHERS  DISRIBUTORS $a NEW  DELHI 
=300  \\$a22CM,160P
=541  \\$h 450.00   
=653  \\$a INDIAN  RAAG 
=653  \\$aMUSIC
=852  \\$p7639$k781.264$mVER$a TX  MUSIC $t1$c RELATED  SUB 

