=LDR  00000nam a2200000Ia 45e0
=008  250121s9999\\\\xx\\\\\\\\\\\\000\0\und\d
=082  \\$a781.264
=100  \\$a SHARMA  GANESH  P 
=245  \\$a RAAG  PRAVEEN  (HINDI) 
=260  \\$b KANISKA  PUBLISHERS  DISRIBUTORS $a NEW  DELHI 
=300  \\$a22CM,230P
=541  \\$h 600.00   
=653  \\$a INDIAN  RAAG 
=653  \\$aMUSIC
=852  \\$p7642$k781.264$mSHR$a TX  MUSIC $t1$c RELATED  SUB 

