=LDR  00000nam a2200000Ia 45e0
=008  250121s9999\\\\xx\\\\\\\\\\\\000\0\und\d
=082  \\$a371.33
=100  \\$a PATHAK  RAMESH  PRASAD 
=245  \\$a SHAISHIK  PRODYOGIKI  EVM  JANSANCHAR  MADHYAM  (HINDI) 
=260  \\$b KANISKA  PUBLISHERS  DISRIBUTORS $a NEW  DELHI 
=300  \\$a22CM,236P
=541  \\$h 750.00   
=653  \\$a EDUCATIONAL  TECHNOLOGY  CO0MMUNICATION 
=653  \\$aEDUCATION
=852  \\$p7645$k371.33$mPAE$a TX  EDU $t1$c RELATED  SUB 

