=LDR  00000nam a2200000Ia 45e0
=008  250121s9999\\\\xx\\\\\\\\\\\\000\0\und\d
=082  \\$a302.23
=100  \\$a MADHUSUDAN  K 
=245  \\$a TRADITIONAL  MEDIA  AND  DEVELOPMENT  COMMUNICATION 
=260  \\$b KANISKA  PUBLISHERS  DISRIBUTORS $a NEW  DELHI 
=300  \\$a22CM,131P
=541  \\$h 500.00   
=653  \\$a MEDIA  COMMUNICATION 
=653  \\$aJOURNALISM
=852  \\$p7647$k302.23$mMAT$a TX  JOUR $t1$c RELATED  SUB 

