=LDR  00000nam a2200000Ia 45e0
=008  250121s9999\\\\xx\\\\\\\\\\\\000\0\und\d
=082  \\$a302.23
=100  \\$a SAXENA  AMBRISH 
=245  \\$a SOCIAL  MEDIA  AND  NEW  TECHNOLOGIES 
=260  \\$b KANISKA  PUBLISHERS  DISRIBUTORS $a NEW  DELHI 
=300  \\$a22CM,322P
=541  \\$h 995.00   
=653  \\$a SOCIAL  MEDIA  NEW  TECHNOLOGIES 
=653  \\$aJOURNALISM
=852  \\$p7650$k302.23$mSAS$a TX  JOUR $t1$c RELATED  SUB 

