=LDR  00000nam a2200000Ia 45e0
=008  250121s9999\\\\xx\\\\\\\\\\\\000\0\und\d
=082  \\$a070.42
=100  \\$a CHAUHAN  SWATI 
=245  \\$a PRINT  MEDIA  AND  PHOTO  JOURNALISM 
=260  \\$b KANISKA  PUBLISHERS  DISRIBUTORS $a NEW  DELHI 
=300  \\$a25CM,272P
=541  \\$h 1,595.00   
=653  \\$a PICTORIAL  JOURNALISM 
=653  \\$aJOURNALISM
=852  \\$p7653$k070.42$mCHP$a TX  JOUR $t1$c RELATED  SUB 

