=LDR  00000nam a2200000Ia 45e0
=008  250121s9999\\\\xx\\\\\\\\\\\\000\0\und\d
=082  \\$a302.23
=100  \\$a GANDHI  VED  PRAKASH 
=245  \\$a PRINCIPLES  AND  PRACTICES  OF  MASS  COMMUNICATION 
=260  \\$b KANISKA  PUBLISHERS  DISRIBUTORS $a NEW  DELHI 
=300  \\$a25CM,316P
=541  \\$h 995.00   
=653  \\$a MASS  COMMUNICATION 
=653  \\$aJOURNALISM
=852  \\$p7656$k302.23$mGAP$a TX  JOUR $t1$c RELATED  SUB 

