=LDR  00000nam a2200000Ia 45e0
=008  250121s9999\\\\xx\\\\\\\\\\\\000\0\und\d
=082  \\$a070.40954
=100  \\$a GUPTA  OM 
=245  \\$a INTERNET  JOURNALISM  IN  INDIA 
=260  \\$b KANISKA  PUBLISHERS  DISRIBUTORS $a NEW  DELHI 
=300  \\$a22CM,106P
=541  \\$h 300.00   
=653  \\$a INTERNET  JOURNALISM  INDIA 
=653  \\$aJOURNALISM
=852  \\$p7659$k070.40954$mGUI$a TX  JOUR $t1$c RELATED  SUB 

