=LDR  00000nam a2200000Ia 45e0
=008  250121s9999\\\\xx\\\\\\\\\\\\000\0\und\d
=082  \\$a 302.234  054 
=100  \\$a SAXENA  AMBRISH 
=245  \\$a INDIAN  CINEMA  SOCIETY  AND  CULTURE 
=260  \\$b KANISKA  PUBLISHERS  DISRIBUTORS $a NEW  DELHI 
=300  \\$a22CM,233P
=541  \\$h 750.00   
=653  \\$a SOCIETL  CINEMA  INDIA 
=653  \\$aJOURNALISM
=852  \\$p7662$k 302.234  054 $mSAI$a TX  JOUR $t1$c RELATED  SUB 

