=LDR  00000nam a2200000Ia 45e0
=008  250121s9999\\\\xx\\\\\\\\\\\\000\0\und\d
=082  \\$a070.4
=100  \\$a CHANDRA  NAVEEN  PANT 
=245  \\$a ELEMENTS  OF  INTERNET  E  MAIL  AND  ONLINE  JOURNALISM 
=260  \\$b KANISKA  PUBLISHERS  DISRIBUTORS $a NEW  DELHI 
=300  \\$a22CM,280P
=541  \\$h 900.00   
=653  \\$a ONLINE  JOURNALISM 
=653  \\$aJOURNALISM
=852  \\$p7665$k070.4$mCHE$a TX  JOUR $t1$c RELATED  SUB 

