=LDR  00000nam a2200000Ia 45e0
=008  250121s9999\\\\xx\\\\\\\\\\\\000\0\und\d
=082  \\$a 791.430  954 
=100  \\$a BALA  SUSHMITA 
=245  \\$a CHANGING  TRENDS  OF  INDIAN  CINEMA 
=260  \\$b KANISKA  PUBLISHERS  DISRIBUTORS $a NEW  DELHI 
=300  \\$a22CM,235P
=541  \\$h 750.00   
=653  \\$a INDIAN  CINEMA 
=653  \\$aJOURNALISM
=852  \\$p7668$k 791.430  954 $mBAC$a TX  JOUR $t1$c RELATED  SUB 

