=LDR  00000nam a2200000Ia 45e0
=008  250121s9999\\\\xx\\\\\\\\\\\\000\0\und\d
=082  \\$a070.42
=100  \\$a SHARMA  SASHI  PRABHA 
=245  \\$a PHOTO  PATARKARITA  KE  MOOL  TATAV 
=260  \\$b KANISKA  PUBLISHERS  DISRIBUTORS $a NEW  DELHI 
=300  \\$a22CM,302P
=541  \\$h 650.00   
=653  \\$a PICTORIAL  JOURNALISM 
=653  \\$aJOURNALISM
=852  \\$p7671$k070.42$mSHP$a TX  JOUR $t2$c RELATED  SUB 

