=LDR  00000nam a2200000Ia 45e0
=008  250121s9999\\\\xx\\\\\\\\\\\\000\0\und\d
=082  \\$a338.9
=100  \\$a AGARWAL  R  C 
=245  \\$a ECONOMICS  OF  DEVELOPMENT  AND  PLANNING 
=260  \\$b LAKSHMI  NARAYAN  AGARWAL $aAGRA
=300  \\$a 23CM,263P   
=541  \\$h1000.00
=653  \\$a ECONOMICS  OF  DEVELOPMENT  AND  PLANNING 
=653  \\$aECONOMICS
=852  \\$p7674$k338.9$mAGE$a TX  ECO $t1$c RELATED  SUB 

