=LDR  00000nam a2200000Ia 45e0
=008  250121s9999\\\\xx\\\\\\\\\\\\000\0\und\d
=082  \\$a332.401
=100  \\$a SETH  M  L 
=245  \\$a MONETARY  ECONOMICS 
=260  \\$b LAKSHMI  NARAYAN  AGARWAL $aAGRA
=300  \\$a23CM,807P
=541  \\$h1000.00
=653  \\$a MONETARY  ECONOMICS 
=653  \\$aECONOMICS
=852  \\$p7683$k332.401$mSEM$a TX  ECO $t1$c RELATED  SUB 

