=LDR  00000nam a2200000Ia 45e0
=008  250121s9999\\\\xx\\\\\\\\\\\\000\0\und\d
=082  \\$a332.4
=100  \\$a SETH  M  L 
=245  \\$a MONEY  BAKING  INTERNATIONAL  TRADE  AND  PUBLIC  FINANCE 
=260  \\$b LAKSHMI  NARAYAN  AGARWAL $aAGRA
=300  \\$a23CM,120P
=541  \\$h875.00
=653  \\$a MONEY  BAKING  INTERNATIONAL  TRADE  PUBLIC  FINANCE 
=653  \\$aECONOMICS
=852  \\$p7686$k332.4$mSEM$a TX  ECO $t1$c RELATED  SUB 

