=LDR  00000nam a2200000Ia 45e0
=008  250121s9999\\\\xx\\\\\\\\\\\\000\0\und\d
=082  \\$a382.1
=100  \\$a BARLA  AND  AGARWAL 
=245  \\$a ANTRASHTRIYA  ARTHSHASTAR  (HINDI) 
=260  \\$b LAKSHMI  NARAYAN  AGARWAL $aAGRA
=300  \\$a24CM,576P
=541  \\$h1110.00
=653  \\$a INTERNATIONAL  ECONOMICS 
=653  \\$aECONOMICS
=852  \\$p7689$k382.1$mBAA$a TX  ECO $t1$c RELATED  SUB 

