=LDR  00000nam a2200000Ia 45e0
=008  250121s9999\\\\xx\\\\\\\\\\\\000\0\und\d
=082  \\$a336.4
=100  \\$a PANT  J  C 
=245  \\$a LOK  ARTHSHASTAR  (HINDI) 
=260  \\$b LAKSHMI  NARAYAN  AGARWAL $aAGRA
=300  \\$a24CM,472P
=541  \\$h900.00
=653  \\$a PUBLIC  ECONOMICS 
=653  \\$aECONOMICS
=852  \\$p7694$k336.4$mPAL$a TX  ECO $t1$c RELATED  SUB 

