=LDR  00000nam a2200000Ia 45e0
=008  250121s9999\\\\xx\\\\\\\\\\\\000\0\und\d
=082  \\$a339
=100  \\$a SETHI  T  T 
=245  \\$a MACRO  ARTHSHASTAR  (HINDI) 
=260  \\$b LAKSHMI  NARAYAN  AGARWAL $aAGRA
=300  \\$a24CM,462P
=541  \\$h950.00
=653  \\$a MACRO  ECONOMICS 
=653  \\$aECONOMICS
=852  \\$p7699$k339$mSEM$a TX  ECO $t1$c RELATED  SUB 

