=LDR  00000nam a2200000Ia 45e0
=008  250121s9999\\\\xx\\\\\\\\\\\\000\0\und\d
=082  \\$a338.5
=100  \\$a SETH  M  L 
=245  \\$a MICRO  ARTHSHASTAR  (HINDI) 
=260  \\$b LAKSHMI  NARAYAN  AGARWAL $aAGRA
=300  \\$a24CM,600P
=541  \\$h1160.00
=653  \\$a MICRO  ECONOMICS 
=653  \\$aECONOMICS
=852  \\$p7704$k338.5$mSEM$a TX  ECO $t1$c RELATED  SUB 

