=LDR  00000nam a2200000Ia 45e0
=008  250121s9999\\\\xx\\\\\\\\\\\\000\0\und\d
=082  \\$a330.01
=100  \\$a SETH  M  L 
=245  \\$a UCHHATAR  ARTHIK  SIDHANT  (HINDI) 
=260  \\$b LAKSHMI  NARAYAN  AGARWAL $aAGRA
=300  \\$a24CM,694P
=541  \\$h1340.00
=653  \\$a ECONOMIC  PRINCIPLES 
=653  \\$aECONOMICS
=852  \\$p7714$k330.01$mSEU$a TX  ECO $t1$c RELATED  SUB 

