=LDR  00000nam a2200000Ia 45e0
=008  250121s9999\\\\xx\\\\\\\\\\\\000\0\und\d
=082  \\$a382.1
=100  \\$a VERMA  N  K 
=245  \\$a INTERNATIONAL  ECONOMICS 
=260  \\$b VISHAL  PUBLISHING  CO. $aJALANDHAR
=300  \\$a25CM,602P
=541  \\$h1000.00
=653  \\$a INTERNATIONAL  ECONOMICS 
=653  \\$aECONOMICS
=852  \\$p7719$k382.1$mVEI$a TX  ECO $t1$c RELATED  SUB 

