=LDR  00000nam a2200000Ia 45e0
=008  250121s9999\\\\xx\\\\\\\\\\\\000\0\und\d
=082  \\$a336
=100  \\$a PARKASH  OM 
=245  \\$a ECONOMICS  OF  PUBLIC  FINANCE 
=260  \\$b VISHAL  PUBLISHING  CO. $aJALANDHAR
=300  \\$a25CM
=541  \\$h 950.00   
=653  \\$a ECONOMICS  PUBLIC  FINANCE 
=653  \\$aECONOMICS
=852  \\$p7722$k336$mPAE$a TX  ECO $t1$c RELATED  SUB 

