=LDR  00000nam a2200000Ia 45e0
=008  250121s9999\\\\xx\\\\\\\\\\\\000\0\und\d
=082  \\$a338.9
=100  \\$a TANEJA  L  M 
=245  \\$a VIKAS  EVM  NIYOJAN  KA  ARTHSHASTAR 
=260  \\$b VISHAL  PUBLISHING  CO. $aJALANDHAR
=300  \\$a25CM952P
=541  \\$h 1,250.00   
=653  \\$a ECONOMICS  OF  DEVELOPMENT  AND  PLANNING 
=653  \\$aECONOMICS
=852  \\$p7725$k338.9$mTAV$a TX  ECO $t1$c RELATED  SUB 

