=LDR  00000nam a2200000Ia 45e0
=008  250121s9999\\\\xx\\\\\\\\\\\\000\0\und\d
=082  \\$a339
=100  \\$a RANA  K  C 
=245  \\$a SAMASHATI  AARTHIK  VISHLESHAN  (HINDI) 
=260  \\$b VISHAL  PUBLISHING  CO. $aJALANDHAR
=300  \\$a25CM,693P
=541  \\$h 1,000.00   
=653  \\$a MACRO  ECONOMIC  ANALYSIS 
=653  \\$aECONOMICS
=852  \\$p7730$k339$mRAS$a TX  ECO $t1$c RELATED  SUB 

