=LDR  00000nam a2200000Ia 45e0
=008  250121s9999\\\\xx\\\\\\\\\\\\000\0\und\d
=082  \\$a395
=100  \\$a JAIN  S  P 
=245  \\$a COPRORATE  LENKHAKAN  (HINDI) 
=260  \\$bKALYANI$aJALANDHAR
=300  \\$a 24cm,v  2.44p 
=541  \\$h 395.00   
=653  \\$a CORPORATE  ACCOUNTING 
=653  \\$aCOMMERCE
=852  \\$p7735$k395$mJAC$a TX  COMM $t1$c RELATED  SUB 

