=LDR  00000nam a2200000Ia 45e0
=008  250121s9999\\\\xx\\\\\\\\\\\\000\0\und\d
=082  \\$a657.95
=100  \\$a JAIN  S  P 
=245  \\$a COPRORATE  ACCOUNTING 
=260  \\$bKALYANI$aJALANDHAR
=300  \\$a24cm,v2/38p
=541  \\$h 385.00   
=653  \\$a CORPORATE  ACCOUNTING 
=653  \\$aCOMMERCE
=852  \\$p7738$k657.95$mJAC$a TX  COMM $t1$c RELATED  SUB 

