=LDR  00000nam a2200000Ia 45e0
=008  250121s9999\\\\xx\\\\\\\\\\\\000\0\und\d
=082  \\$a657.3
=100  \\$a JAIN  S  P 
=245  \\$a FINANCIAL  ACCOUNTING 
=260  \\$bKALYANI$aJALANDHAR
=300  \\$a24CM,17.83P
=541  \\$h 450.00   
=653  \\$a FINANCIAL  ACCOUNTING 
=653  \\$aCOMMERCE
=852  \\$p7744$k657.3$mJAF$a TX  COMM $t1$c RELATED  SUB 

