=LDR  00000nam a2200000Ia 45e0
=008  250121s9999\\\\xx\\\\\\\\\\\\000\0\und\d
=082  \\$a657.42
=100  \\$a JAIN  S  P 
=245  \\$a COST  ACCOUNTING 
=260  \\$bKALYANI$aJALANDHAR
=300  \\$a24CM,V/3.31
=541  \\$h 395.00   
=653  \\$a COST  ACCOUNTING 
=653  \\$aCOMMERCE
=852  \\$p7750$k657.42$mJAC$a TX  COMM $t1$c RELATED  SUB 

