=LDR  00000nam a2200000Ia 45e0
=008  250121s9999\\\\xx\\\\\\\\\\\\000\0\und\d
=082  \\$a658.15
=100  \\$a GUPTA  S  K 
=245  \\$a FUNDAMENTALS  OF  FINANCIAL  MANAGEMENT 
=260  \\$bKALYANI$aJALANDHAR
=300  \\$a24CM,13.59P
=541  \\$h 330.00   
=653  \\$a FINANCIAL  MANAGEMENT 
=653  \\$aCOMMERCE
=852  \\$p7753$k658.15$mGUF$a TX  COMM $t1$c RELATED  SUB 

