=LDR  00000nam a2200000Ia 45e0
=008  250121s9999\\\\xx\\\\\\\\\\\\000\0\und\d
=082  \\$a 658.151  1 
=100  \\$a GUPTA  S  K 
=245  \\$a MANAGEMENT  ACCOUNTING 
=260  \\$bKALYANI$aJALANDHAR
=300  \\$a24CM,9.76P
=541  \\$h 295.00   
=653  \\$a MANAGEMENT  ACCOUNTING 
=653  \\$aCOMMERCE
=852  \\$p7759$k 658.151  1 $mMAG$a TX  COMM $t1$c RELATED  SUB 

