=LDR  00000nam a2200000Ia 45e0
=008  250121s9999\\\\xx\\\\\\\\\\\\000\0\und\d
=082  \\$a657.45
=100  \\$a SINGH  RAJ  KUMAR 
=245  \\$a AUDITING  AND  CORPORATE  GOVERNANCE 
=260  \\$bKALYANI$aJALANDHAR
=300  \\$a24CM,306P
=541  \\$h 270.00   
=653  \\$a AUDITING  CORPORATE  GOVERNANCE 
=653  \\$aCOMMERCE
=852  \\$p7767$k657.45$mSIA$a TX  COMM $t1$c RELATED  SUB 

