=LDR  00000nam a2200000Ia 45e0
=008  250121s9999\\\\xx\\\\\\\\\\\\000\0\und\d
=082  \\$a657.45
=100  \\$a SINGH  RAJKUMAR 
=245  \\$a ANKEKSHAN  EVM  NIGMIT  PRASHASAN  (HINDI) 
=260  \\$b KALYANI  PUBLISHERS $aJALANDHAR
=300  \\$a24CM,20.27P
=541  \\$h 270.00   
=653  \\$aAUDITING
=653  \\$aCOMMERCE
=852  \\$p7770$k657.45$mSIA$a TX  COMM $t1$c RELATED  SUB 

