=LDR  00000nam a2200000Ia 45e0
=008  250121s9999\\\\xx\\\\\\\\\\\\000\0\und\d
=082  \\$a658.83
=100  \\$a KAUR  DALJEET 
=245  \\$a HUMAN  RESOURCE  MANAGEMENT 
=260  \\$b KALYANI  PUBLISHERS $aJALANDHAR
=300  \\$a24CM,266P
=541  \\$h 215.00   
=653  \\$a HUMAN  RESOURCE  MANAGEMENT 
=653  \\$aCOMMERCE
=852  \\$p7774$k658.83$mKAM$a TX  COMM $t1$c RELATED  SUB 

