=LDR  00000nam a2200000Ia 45e0
=008  250121s9999\\\\xx\\\\\\\\\\\\000\0\und\d
=082  \\$a658.84
=100  \\$a BHARADWAJ  SUSHIL 
=245  \\$a E  COMMERCE  (HINDI) 
=260  \\$b KALYANI  PUBLISHERS $aJALANDHAR
=300  \\$a24CM,7.89P
=541  \\$h 295.00   
=653  \\$a E  COMMERCE 
=653  \\$aCOMMERCE
=852  \\$p7775$k658.84$mBHE$a TX  COMM $t1$c RELATED  SUB 

