=LDR  00000nam a2200000Ia 45e0
=008  250121s9999\\\\xx\\\\\\\\\\\\000\0\und\d
=082  \\$a336.243
=100  \\$a ATTRI  SURINDER 
=245  \\$a INCOME  TAX  LAW  AND  PRACTICE     
=260  \\$b SHARMA  PUBLICATION $aJALANDHAR
=300  \\$a24CM,732P
=541  \\$h 580.00   
=653  \\$a INCOME  TAX 
=653  \\$aCOMMERCE
=852  \\$p7784$k336.243$mSHI$a TX  COMM $t1$c RELATED  SUB 

