=LDR  00000nam a2200000Ia 45e0
=008  250121s9999\\\\xx\\\\\\\\\\\\000\0\und\d
=082  \\$a651.8
=100  \\$a ATTRI  SURINDER 
=245  \\$a COMPUTER  APPLICATION  IN  BUSINESS  (HINDI) 
=260  \\$b SHARMA  PUBLICATION $aJALANDHAR
=300  \\$a24CM,352P
=541  \\$h 280.00   
=653  \\$a COMPUTER  APPLICATIONS  BUSINESS 
=653  \\$aCOMMERCE
=852  \\$p7787$k651.8$mATS$a TX  COMM $t1$c RELATED  SUB 

