=LDR  00000nam a2200000Ia 45e0
=008  250121s9999\\\\xx\\\\\\\\\\\\000\0\und\d
=082  \\$a657.3
=100  \\$a GUPTA  R  L 
=245  \\$a FINANCIAL  ACCOUNTING  VOL  I 
=260  \\$b SULTAN  CHAND  AND  SONS $a NEW  DELHI 
=300  \\$a24CM,733P
=541  \\$h 400/-  SET  OF  V  I  &  II   
=653  \\$a FINANCIAL  ACCOUNTING 
=653  \\$aCOMMERCE
=852  \\$p7794$k657.3$mGUF$a TX  COMM $t1$c RELATED  SUB 

