=LDR  00000nam a2200000Ia 45e0
=008  250121s9999\\\\xx\\\\\\\\\\\\000\0\und\d
=082  \\$a 650.015  1 
=100  \\$a GUPTA  S  P 
=245  \\$a BUSINESS  STATISTICS  AND  BUSINESS  MATHEMATICS 
=260  \\$b SULTAN  CHAND  AND  SONS $a NEW  DELHI 
=300  \\$a 24CM,BA-A  1.4 
=541  \\$h 650.00   
=653  \\$a BUSINESS  STATISTICS  BUSINESS  MATHEMATICS 
=653  \\$aCOMMERCE
=852  \\$p7795$k 650.015  1 $mGUB$a TX  COMM $t1$c RELATED  SUB 

