=LDR  00000nam a2200000Ia 45e0
=008  250121s9999\\\\xx\\\\\\\\\\\\000\0\und\d
=082  \\$a 650.015  1 
=100  \\$a SHARMA  J  K 
=245  \\$a BUSINESS  STATISTICS 
=260  \\$b VIKAS  PUBLISHING  HOUSE  PVT  LTD $a NEW  DELHI 
=300  \\$a28CM,759P
=541  \\$h 675.00   
=653  \\$a BUSINESS  STATISTICS  BUSINESS  MATHEMATICS 
=653  \\$aCOMMERCE
=852  \\$p7797$k 650.015  1 $mGUB$a TX  COMM $t1$c RELATED  SUB 

