=LDR  00000nam a2200000Ia 45e0
=008  250121s9999\\\\xx\\\\\\\\\\\\000\0\und\d
=082  \\$a657.42
=100  \\$a MADEGOWDA  J 
=245  \\$a ADVANCED  COST  ACCOUNTING 
=260  \\$b HIMALAYA  PUBLISHING  HOUSE $aMUMBAI
=300  \\$a28CM,1074P
=541  \\$h 1,800.00   
=653  \\$a COST  ACCOUNTING  ADVANCED 
=653  \\$aCOMMERCE
=852  \\$p7799$k657.42$mMAA$a TX  COMM $t1$c RELATED  SUB 

