=LDR  00000nam a2200000Ia 45e0
=008  250121s9999\\\\xx\\\\\\\\\\\\000\0\und\d
=082  \\$a347.7
=100  \\$a SHARMA  ASHOK 
=245  \\$a COMPANY  ADHINIYAM  (HINDI) 
=260  \\$b V  K  GLOBAL  PUBLICATIONS  PVT  LTD $a NEW  DELHI 
=300  \\$a24cm,401p
=541  \\$h 306.00   
=653  \\$a COMPANY  LAW 
=653  \\$aCOMMERCE
=852  \\$p7804$k347.7$mSHC$a TX  COMM $c RELATED  SUB 

