=LDR  00000nam a2200000Ia 45e0
=008  250121s9999\\\\xx\\\\\\\\\\\\000\0\und\d
=082  \\$a658
=100  \\$a SINGLA  R  K 
=245  \\$a BUSINESS  ORGANISATION  AND  MANAGEMENT 
=260  \\$b V  K  GLOBAL  PUBLICATIONS  PVT  LTD $a NEW  DELHI 
=300  \\$a24CM,448P
=541  \\$h 333.00   
=653  \\$a BUSINESS  ORGANISATION  MANAGEMENT 
=653  \\$aCOMMERCE
=852  \\$p7805$k658$mSIV$a TX  COMM $t1$c RELATED  SUB 

