=LDR  00000nam a2200000Ia 45e0
=008  250121s9999\\\\xx\\\\\\\\\\\\000\0\und\d
=082  \\$a540
=100  \\$a LEE  J  D 
=245  \\$a CONCISE  INORGANIC  CHEMISTRY 
=260  \\$bWILEY$a NEW  DELHI 
=300  \\$a23CM,1032P
=541  \\$h 925.00   
=653  \\$a INORGANIC  CHEMISTRY 
=653  \\$aCHEMISTRY
=852  \\$p7811$k540$mLEC$a TX  CHEM $t1$c RELATED  SUB 

