=LDR  00000nam a2200000Ia 45e0
=008  250121s9999\\\\xx\\\\\\\\\\\\000\0\und\d
=082  \\$a540
=100  \\$a HUHEEY  JAMES  E 
=245  \\$a INORGANIC  CHEMISTRY  :  PRINCIPLES  OF  STRUCTURE  AND  REACTIVITY 
=260  \\$bPEARSON$aNOIDA
=300  \\$a23CM,808P
=541  \\$h 949.00   
=653  \\$a INORGANIC  CHEMISTRY 
=653  \\$aCHEMISTRY
=852  \\$p7813$k540$mHUI$a TX  CHEM $t1$c RELATED  SUB 

