=LDR  00000nam a2200000Ia 45e0
=008  250121s9999\\\\xx\\\\\\\\\\\\000\0\und\d
=082  \\$a547
=100  \\$a CAREY  FRANCIS  A 
=245  \\$a ORGANIC  CHEMISTRY 
=260  \\$b MCGRAW  HILL  EDUCATION  INDIA  PVT  LTD $a NEW  DELHI 
=300  \\$a28CM,I-24P
=541  \\$h 1,350.00   
=653  \\$a ORGANIC  CHEMISTRY 
=653  \\$aCHEMISTRY
=852  \\$p7815$k547$mCAO$a TX  CHEM $t1$c RELATED  SUB 

