=LDR  00000nam a2200000Ia 45e0
=008  250121s9999\\\\xx\\\\\\\\\\\\000\0\und\d
=082  \\$a547
=100  \\$a SMITH  MICHAEL  B 
=245  \\$a MARCHS  ADVANCED  ORGANIC  CHEMISTRY  :  REACTION  MECHANISM  AND  STRUCTURE 
=260  \\$bWILEY$a NEW  JERSEY 
=300  \\$a23CM,2104P
=541  \\$h 13,383.68   
=653  \\$a ORGANIC  CHEMISTRY 
=653  \\$aCHEMISTRY
=852  \\$p7821$k547$mSMM$a TX  CHEM $t1$c RELATED  SUB 

