=LDR  00000nam a2200000Ia 45e0
=008  250121s9999\\\\xx\\\\\\\\\\\\000\0\und\d
=082  \\$a547
=100  \\$a FINAR  I  L 
=245  \\$a ORGANIC  CHEMISTRY  VOL  1 
=260  \\$bPEARSON$a NEW  DELHI 
=300  \\$a23CM,964P
=541  \\$h 1,079.00   
=653  \\$a ORGANIC  CHEMISTRY 
=653  \\$aCHEMISTRY
=852  \\$p7822$k547$mFIO$a TX  CHEM $t1$c RELATED  SUB 

