=LDR  00000nam a2200000Ia 45e0
=008  250121s9999\\\\xx\\\\\\\\\\\\000\0\und\d
=082  \\$a547
=100  \\$a FINAR  I  L 
=245  \\$a ORGANIC  CHEMISTRY  :  STEREOCHEMISTRYAND  THE  CHEMISTRY  NATURAL  PRODUCTSVOL  2 
=260  \\$bPEARSON$a NEW  DELHI 
=300  \\$a23CM,956P
=541  \\$h 999.00   
=653  \\$a ORGANIC  CHEMISTRY 
=653  \\$aCHEMISTRY
=852  \\$p7824$k547$mFIO$a TX  CHEM $t1$c RELATED  SUB 

