=LDR  00000nam a2200000Ia 45e0
=008  250121s9999\\\\xx\\\\\\\\\\\\000\0\und\d
=082  \\$a547
=100  \\$a MUKHERJI  S  M 
=245  \\$a ORGANIC  CHEMISTRY  VOL  III 
=260  \\$b NEW  AGE  INTERNATIONAL  PUBLISHERS $aLONDON
=300  \\$a23CM,460P
=541  \\$h 350.00   
=653  \\$a ORGANIC  CHEMISTRY 
=653  \\$aCHEMISTRY
=852  \\$p7830$k547$mMUO$a TX  CHEM $t1$c RELATED  SUB 

