=LDR  00000nam a2200000Ia 45e0
=008  250121s9999\\\\xx\\\\\\\\\\\\000\0\und\d
=082  \\$a546
=100  \\$a COTTON  F  ALBERT 
=245  \\$a ADVANCED  ORGANIC  CHEMISTRY 
=260  \\$bWILEY$a NEW  JERSEY 
=300  \\$a23CM,1355P
=541  \\$h 939.00   
=653  \\$a INORGANIC  CHEMISTRY 
=653  \\$aCHEMISTRY
=852  \\$p7831$k546$mCOA$a TX  CHEM $t1$c RELATED  SUB 

