=LDR  00000nam a2200000Ia 45e0
=008  250121s9999\\\\xx\\\\\\\\\\\\000\0\und\d
=082  \\$a 547.122  3 
=100  \\$a KALSI  P  S 
=245  \\$a STEREOCHEMISTRY  CONFIRMATION  AND  MECHANISM 
=260  \\$b NEW  AGE  INTERNATIONAL  PUBLISHERS $aLONDON
=300  \\$a23CM,658P
=541  \\$h 475.00   
=653  \\$aCHEMISTRY
=653  \\$aSTEREOCHEMISTRY
=852  \\$p7833$k 547.122  3 $mKAS$a TX  CHEM $t1$c RELATED  SUB 

