=LDR  00000nam a2200000Ia 45e0
=008  250121s9999\\\\xx\\\\\\\\\\\\000\0\und\d
=082  \\$a351
=100  \\$aAVASTHI
=245  \\$a PUBLIC  ADMINISTRATION 
=260  \\$b LAKSHMI  NARAYAN  AGARWAL $aAGRA
=300  \\$a23CM,678P
=541  \\$h 1,410.00   
=653  \\$a PUBLIC  ADMINISTRATION 
=653  \\$a PUBLIC  ADMINISTRATION  INDIA 
=852  \\$p7838$k351$mAVP$a TX  PUB  ADMN $t1$c RELATED  SUB 

