=LDR  00000nam a2200000Ia 45e0
=008  250121s9999\\\\xx\\\\\\\\\\\\000\0\und\d
=082  \\$a351
=100  \\$a CHAKRABARTY  BIDYUT 
=245  \\$a PUBLIC  ADMINISTRATION  :  FROM  GOVERNMENT  TO  GOVERNANCE 
=260  \\$b ORIENT  BLACKSWAN $aHYDERABAD
=300  \\$a24CM,344P
=541  \\$h 350.00   
=653  \\$a PUBLIC  ADMINISTRATION 
=653  \\$a PUBLIC  ADMINISTRATION  GOVERNMENT  GOVERNANCE 
=852  \\$p7840$k351$mCHP$a TX  PUB  ADMN $t1$c RELATED  SUB 

