=LDR  00000nam a2200000Ia 45e0
=008  250121s9999\\\\xx\\\\\\\\\\\\000\0\und\d
=082  \\$a351.01
=100  \\$a SHARMA  M  P 
=245  \\$a PUBLIC  ADMINISTRATION  IN  THEORY  AND  PRACTICE 
=260  \\$b KITAB  MAHAL $a NEW  DELHI 
=300  \\$a23CM,1132P
=541  \\$h 1,450.00   
=653  \\$a PUBLIC  ADMINISTRATION 
=653  \\$a PUBLIC  ADMINISTRATION  CONCEPT  THEORY 
=852  \\$p7842$k351.01$mSHP$a TX  PUB  ADMN $t1$c RELATED  SUB 

