=LDR  00000nam a2200000Ia 45e0
=008  250121s9999\\\\xx\\\\\\\\\\\\000\0\und\d
=082  \\$a351.01
=100  \\$a BASU  RUMKI 
=245  \\$a PUBLIC  ADMINISTRATION  CONCEPTS  AND  THEORIES 
=260  \\$bSTERLING$a NEW  DELHI 
=300  \\$a22CM,507P
=541  \\$h 325.00   
=653  \\$a PUBLIC  ADMINISTRATION 
=653  \\$a PUBLIC  ADMINISTRATION  THEORY 
=852  \\$p7843$k351.01$mBAP$a TX  PUB  ADMN $t1$c RELATED  SUB 

