=LDR  00000nam a2200000Ia 45e0
=008  250121s9999\\\\xx\\\\\\\\\\\\000\0\und\d
=082  \\$a351.01
=100  \\$a ARORA  RAMESH  K 
=245  \\$a INDIAN  PUBLIC  ADMINISTRATION  :  INSTITUTIONS  AND  ISSUES 
=260  \\$b NEW  AGE  INTERNATIONAL  PUBLISHERS $aLONDON
=300  \\$a24CM,879P
=541  \\$h 499.00   
=653  \\$a PUBLIC  ADMINISTRATION 
=653  \\$a PUBLIC  ADMINISTRATION  CONCEPT  THEORY 
=852  \\$p7844$k351.01$mARI$a TX  PUB  ADMN $t1$c RELATED  SUB 

