=LDR  00000nam a2200000Ia 45e0
=008  250121s9999\\\\xx\\\\\\\\\\\\000\0\und\d
=082  \\$a351
=100  \\$a BHATTACHARYA  MOHIT 
=245  \\$a LOK  PARSHASAN  KE  NAYE  AAYAM  (HINDI) 
=260  \\$b JAWAHAR  PUB  AND  DIST  PVT  LTD $aGURGAON
=300  \\$a24CM,344P
=541  \\$h 480.00   
=653  \\$a PUBLIC  ADMINISTRATION 
=653  \\$a PUBLIC  ADMINISTRATION 
=852  \\$p7845$k351$mBHL$a TX  PUB  ADMN $t1$c RELATED  SUB 

