=LDR  00000nam a2200000Ia 45e0
=008  250121s9999\\\\xx\\\\\\\\\\\\000\0\und\d
=082  \\$a351.01
=100  \\$a FADIA  B  L 
=245  \\$a PUBLIC  ADMINISTRATION  :  ADMINISTRATIVE  THEORIES 
=260  \\$b SAHITYA  BHAWAN $aAGRA
=300  \\$a24CM,996P
=541  \\$h 625.00   
=653  \\$a PUBLIC  ADMINISTRATION 
=653  \\$a PUBLIC  ADMINISTRATION  ADMINISTRATIVE  THEORY 
=852  \\$p7847$k351.01$mFAP$a TX  PUB  ADMN $t1$c RELATED  SUB 

