=LDR  00000nam a2200000Ia 45e0
=008  250121s9999\\\\xx\\\\\\\\\\\\000\0\und\d
=082  \\$a351.01
=100  \\$a PRASAD  D  RAVINDRA 
=245  \\$a ADMINISTRATIVE  THINKERS 
=260  \\$bSTERLING$a NEW  DELHI 
=300  \\$a24CM,310P
=541  \\$h 350.00   
=653  \\$a ADMINSRATIVE  THINKERS 
=653  \\$a PUBLIC  ADMINISTRATION 
=852  \\$p7848$k351.01$mPRA$a TX  PUB  ADMN $t1$c RELATED  SUB 

