=LDR  00000nam a2200000Ia 45e0
=008  250121s9999\\\\xx\\\\\\\\\\\\000\0\und\d
=082  \\$a320.6
=100  \\$a SAPRU  R  K 
=245  \\$a PUBLIC  POLICY  :  FORMULATION  IMPLEMENTATION  AND  EVALUATION 
=260  \\$bSTERLING$a NEW  DELHI 
=300  \\$a21CM,302P
=541  \\$h 225.00   
=653  \\$a PUBLIC  ADMINISTRATION 
=653  \\$a PUBLIC  ADMINISTRATION 
=852  \\$p7850$k320.6$mSAP$a TX  PUB  ADMN $t1$c RELATED  SUB 

