=LDR  00000nam a2200000Ia 45e0
=008  250121s9999\\\\xx\\\\\\\\\\\\000\0\und\d
=082  \\$a 351.509  54 
=100  \\$a MAHAJAN  SANJEEV  KUMAR 
=245  \\$a FINANCIAL  ADMINISTRATION  IN  INDIA 
=541  \\$h 550.00   
=653  \\$a FINANCIAL  ADMINISTRATION 
=653  \\$a PUBLIC  ADMINISTRATION 
=852  \\$p7851$k 351.509  54 $mMAF$a TX  PUB  ADMN $t1$c RELATED  SUB 

