=LDR  00000nam a2200000Ia 45e0
=008  250121s9999\\\\xx\\\\\\\\\\\\000\0\und\d
=082  \\$a428.34
=100  \\$a MITRA  BARUN  K 
=245  \\$a EFFECTIVE  TECHNICAL  COMMUNICATION  :  AGUIDE  FOR  SCIENTISTS  AND  ENGINEERS 
=260  \\$b OXFORD  UNIVERSITY  PRESS $a NEW  DELHI 
=300  \\$a24CM,224P
=541  \\$h 435.00   
=653  \\$a ENGLISH  COMMUNICATION  TECHNICAL 
=653  \\$a ENGLISH  LANGUAGE 
=852  \\$p7853$k428.34$mMIE$a TX  ENG $t1$c RELATED  SUB 

