=LDR  00000nam a2200000Ia 45e0
=008  250121s9999\\\\xx\\\\\\\\\\\\000\0\und\d
=082  \\$a658.45
=100  \\$a KUMAR  VARINDER 
=245  \\$a BUSINESS  COMMUNICATION 
=260  \\$b KALYANI  PUBLISHERS $aLUDHIANA
=300  \\$a24CM,690P
=541  \\$h 450.00   
=653  \\$a BUSINESS  COMMUNICATION 
=653  \\$aMANAGEMENT
=852  \\$p7854$k658.45$mKUB$a TX  ENG $t1$c RELATED  SUB 

