=LDR  00000nam a2200000Ia 45e0
=008  250121s9999\\\\xx\\\\\\\\\\\\000\0\und\d
=082  \\$a658.45
=100  \\$a RAMAN  MEENAKSHI 
=245  \\$a BUSINESS  COMMUNICATION 
=260  \\$b OXFORD  UNIVERSITY  PRESS $a NEW  DELHI 
=300  \\$a24CM,649P
=541  \\$h 725.00   
=653  \\$a BUSINESS  COMMUNICATION 
=653  \\$aMANAGEMENT
=852  \\$p7859$k658.45$mRAB$a TX  ENG $t1$c RELATED  SUB 

