=LDR  00000nam a2200000Ia 45e0
=008  250121s9999\\\\xx\\\\\\\\\\\\000\0\und\d
=082  \\$a428.34
=100  \\$a GARG  MANOJ  KUMAR 
=245  \\$a ENGLISH  COMMUNICATION  :  THEORY  AND  PRACTICE 
=260  \\$bCENAGE$aAUSTRALIA
=300  \\$a24CM,Q18P
=541  \\$h 225.00   
=653  \\$a ENGLISH  COMMUNICATION 
=653  \\$a ENGLISH  LANGUAGE 
=852  \\$p7861$k428.34$mGAE$a TX  ENG $t1$c RELATED  SUB 

