=LDR  00000nam a2200000Ia 45e0
=008  250121s9999\\\\xx\\\\\\\\\\\\000\0\und\d
=082  \\$a 428.007  054 
=100  \\$a DHANAVEL  S  P 
=245  \\$a ENGLISH  LANGUAGE  TEACHING  IN  INDIA 
=260  \\$b TATA  MACGRAW  HILL  EDUCATION  PVT  LTD $a NEW  DELHI 
=300  \\$a22CM,137P
=541  \\$h495
=653  \\$a ENGLISH  LANGUAGE 
=653  \\$a ENGLISH  LANGUAGE  TEACHING  INDIA 
=852  \\$p7862$k 428.007  054 $mDHE$a TX  ENG $t1$c RELATED  SUB 

