=LDR  00000nam a2200000Ia 45e0
=008  250121s9999\\\\xx\\\\\\\\\\\\000\0\und\d
=082  \\$a891.4
=100  \\$a DEPARTMENT  OF  ENGLISH  UNIVERSITY  OF  DELHI 
=245  \\$a MODERN  INDIAN  LITERATURE 
=260  \\$b OXFORD  UNIVERSITY  PRESS $a NEW  DELHI 
=300  \\$a22CM,149P
=541  \\$h115
=653  \\$a ENGLISH  LITERATURE 
=653  \\$a MODERN  INDIAN  LITERATURE 
=852  \\$p7863$k891.4$mDEM$a TX  ENG $t1$c RELATED  SUB 

