=LDR  00000nam a2200000Ia 45e0
=008  250121s9999\\\\xx\\\\\\\\\\\\000\0\und\d
=082  \\$a803
=100  \\$a ABRAMS  M  H 
=245  \\$a GLOSSARY  OF  LITERARY  TERMS 
=260  \\$bCENGAGE$aANDOVER
=300  \\$a24CM,430P
=541  \\$h285
=653  \\$a ENGLISH  LITERATURE 
=852  \\$p7868$k803$mABG$a TX  ENG $t1$c RELATED  SUB 

