=LDR  00000nam a2200000Ia 45e0
=008  250121s9999\\\\xx\\\\\\\\\\\\000\0\und\d
=082  \\$a808.02
=100  \\$a DEV  ANJANA  NEIRA 
=245  \\$a CREATIVE  WRITING  :  A  BEGINNERS  MANUAL 
=260  \\$bPEARSON$a NEW  DELHI 
=300  \\$a24CM,224P
=541  \\$h259
=653  \\$a ENGLISH  LANGUAGE 
=653  \\$a ENGLISH  LANGUAGE  CREATIVE  WRITING 
=852  \\$p7873$k808.02$mDEC$a TX  ENG $t1$c RELATED  SUB 

