=LDR  00000nam a2200000Ia 45e0
=008  250121s9999\\\\xx\\\\\\\\\\\\000\0\und\d
=082  \\$a808.066
=100  \\$a DEPARTMENT  OF  ENGLISH  UNIVERSITY  OF  DELHI 
=245  \\$a BUSINESS  ENGLISH 
=260  \\$bPEARSON$a NEW  DELHI 
=300  \\$a24CM,392P
=541  \\$h369
=653  \\$a ENGLISH  BUSINESS 
=653  \\$a ENGLISH  WRITING 
=852  \\$p7875$k808.066$mDEB$a TX  ENG $t1$c RELATED  SUB 

