=LDR  00000nam a2200000Ia 45e0
=008  250121s9999\\\\xx\\\\\\\\\\\\000\0\und\d
=082  \\$a651.7
=100  \\$a PUSHKALA  R 
=245  \\$a EL  DORADO  :  A  TEXTBOOKS  OF  COMMUNICATION 
=260  \\$b ORIENT  BLACKSWAN $aHYDERABAD
=300  \\$a24CM,200P
=541  \\$h295
=653  \\$a COMMUNICATION  SKILL 
=653  \\$aMANAGEMENT
=852  \\$p7877$k651.7$mPUE$a TX  BBA $t1$c RELATED  SUB 

