=LDR  00000nam a2200000Ia 45e0
=008  250121s9999\\\\xx\\\\\\\\\\\\000\0\und\d
=082  \\$a820
=100  \\$aPEARSON
=245  \\$a INDIVIDUAL  AND  SOCIETY 
=260  \\$bPEARSON$a NEW  DELHI 
=300  \\$a22CM,251P
=541  \\$h180
=653  \\$a ENGLISH  LITERATURE 
=653  \\$a POEMS  ESSAYS  STORIES 
=852  \\$p7881$k820$mPEI$a TX  ENG $t1$c RELATED  SUB 

