=LDR  00000nam a2200000Ia 45e0
=008  250121s9999\\\\xx\\\\\\\\\\\\000\0\und\d
=082  \\$a808.042
=100  \\$a GUPTA  RENU 
=245  \\$a COURSE  IN  ACADEMIC  WRITING 
=260  \\$b ORIENT  BLACKSWAN $aHYDERABAD
=300  \\$a24CM,177P
=541  \\$h375
=653  \\$a ACADEMIC  WRITING 
=653  \\$a ENGLISH  LITERATURE 
=852  \\$p7886$k808.042$mGUR$a TX  ENG $t1$c RELATED  SUB 

