=LDR  00000nam a2200000Ia 45e0
=008  250121s9999\\\\xx\\\\\\\\\\\\000\0\und\d
=082  \\$a824
=100  \\$a SINGH  PANKAJ  K 
=245  \\$a REFLECTIONS  FROM  THE  EAST  AND  THE  WEST 
=260  \\$b ORIENT  BLACKSWAN $a NEW  DELHI 
=300  \\$a22CM,117P
=541  \\$h80
=653  \\$a ENGLISH  ESSAYS 
=653  \\$a ENGLISH  LITERATURE 
=852  \\$p7887$k824$mSIR$a TX  ENG $t1$c RELATED  SUB 

