=LDR  00000nam a2200000Ia 45e0
=008  250121s9999\\\\xx\\\\\\\\\\\\000\0\und\d
=082  \\$a824
=100  \\$a KHANNA  V  K 
=245  \\$a LIFE  UNFOLDED 
=260  \\$b OXFORD  UNIVERSITY  PRESS $a NEW  DELHI 
=300  \\$a22CM,154P
=541  \\$h130
=653  \\$a ENGLISH  LITERATURE 
=852  \\$p7889$k824$mKHL$a TX  ENG $t1$c RELATED  SUB 

