=LDR  00000nam a2200000Ia 45e0
=008  250121s9999\\\\xx\\\\\\\\\\\\000\0\und\d
=082  \\$a658.45
=100  \\$a RAMAN  MEENAKSHI 
=245  \\$a TECHNICAL  COMMUNICATION 
=260  \\$b OXFORD  UNIVERSITY  PRESS $a NEW  DELHI 
=300  \\$a24CM,498P
=541  \\$h675
=653  \\$a BUSINESS  COMMUNICATION 
=653  \\$aMANAGEMENT
=852  \\$p7894$k658.45$mRAT$a TX  BBA $t1$c RELATED  SUB 

