=LDR  00000nam a2200000Ia 45e0
=008  250121s9999\\\\xx\\\\\\\\\\\\000\0\und\d
=082  \\$a821
=100  \\$a KHANNA  V  K 
=245  \\$a BLOSSOMING  MIND 
=260  \\$bTRINITY$aBENGALURU
=300  \\$a22CM,808P
=541  \\$h149
=653  \\$a ENGLISH  LITERATURE 
=653  \\$a POEMS  GRAMMAR  COMPOSITION 
=852  \\$p7895$k821$mKHB$a TX  ENG $t1$c RELATED  SUB 

