=LDR  00000nam a2200000Ia 45e0
=008  250121s9999\\\\xx\\\\\\\\\\\\000\0\und\d
=082  \\$a428.64
=100  \\$a DEPARTMENT  OF  ENGLISH  UNIVERSITY  OF  DELHI 
=245  \\$a FLUENCY  IN  ENGLISH  II 
=260  \\$bMACMILLAN$a NEW  DELHI 
=300  \\$a22CM,150P
=541  \\$h65
=653  \\$a ENGLISH  LANGUAGE 
=653  \\$a FLUENCY  ENGLISH 
=852  \\$p7900$k428.64$mDEF$a TX  ENG $t1$c RELATED  SUB 

