=LDR  00000nam a2200000Ia 45e0
=008  250121s9999\\\\xx\\\\\\\\\\\\000\0\und\d
=082  \\$a420
=100  \\$a THORPE  EDGAR 
=245  \\$a OBJECTIVE  ENGLISH 
=260  \\$bPEARSON$a NEW  DELHI 
=300  \\$a24CM,6.192
=541  \\$h695
=653  \\$a ENGLISH  LANGUAGE 
=653  \\$a OBJECTIVE  ENGLISH 
=852  \\$p7902$k420$mTHO$a TX  ENG $t1$c RELATED  SUB 

