=LDR  00000nam a2200000Ia 45e0
=008  250121s9999\\\\xx\\\\\\\\\\\\000\0\und\d
=082  \\$a658.45
=100  \\$a SINHA  K  K 
=245  \\$a BUSINESS  COMMUNICATION 
=260  \\$bTAXMANNS$a NEW  DELHI 
=300  \\$a28CM,569P
=541  \\$h625
=653  \\$a BUSINESS  COMMUNICATION 
=653  \\$aMANAGEMENT
=852  \\$p7904$k658.45$mSIB$a TX  BBA $t1$c RELATED  SUB 

