=LDR  00000nam a2200000Ia 45e0
=008  250121s9999\\\\xx\\\\\\\\\\\\000\0\und\d
=082  \\$a954.01
=100  \\$a SHARMA  RAMSHARAN 
=245  \\$a PRARAMBHIK  BHARAT  KA  PARICHAY  (HINDI) 
=260  \\$b ORIENT  BLACKSWAN $aHYDERABAD
=300  \\$a22CM,370P
=541  \\$h 325.00   
=653  \\$a ANCIENT  HISTORY  INDIA 
=653  \\$aHISTORY
=852  \\$p7906$k954.01$mSHP$a TX  HIST $t1$c RELATED  SUB 

