=LDR  00000nam a2200000Ia 45e0
=008  250121s9999\\\\xx\\\\\\\\\\\\000\0\und\d
=082  \\$a954.01
=100  \\$a MUKHERJEE  RADHAKUMUD 
=245  \\$a PRACHIN  BHARAT  PRAGATIHASIK  KAL  SE  LE  KAR  HARSH  VARDHAN  TAK  (HINDI) 
=260  \\$b AKSHAR  RAJKAMAL  PRAKASHAN $a NEW  DELHI 
=300  \\$a22CM,184P
=541  \\$h 150.00   
=653  \\$a ANCIENT  HISTORY  INDIA 
=653  \\$aHISTORY
=852  \\$p7909$k954.01$mMUP$a TX  HIST $t1$c RELATED  SUB 

