=LDR  00000nam a2200000Ia 45e0
=008  250121s9999\\\\xx\\\\\\\\\\\\000\0\und\d
=082  \\$a954.01
=100  \\$a TRIPATHI  RAMSHANKAR 
=245  \\$a PRACHIN  BHARAT  KA  ITIHAAS  (HINDI) 
=260  \\$b MOTILAL  BANARSI  DASS $aDELHI
=300  \\$a22CM,394P
=541  \\$h 275.00   
=653  \\$a ANCIENT  HISTORY  INDIA 
=653  \\$aHISTORY
=852  \\$p7912$k954.01$mTRP$a TX  HIST $t1$c RELATED  SUB 

