=LDR  00000nam a2200000Ia 45e0
=008  250121s9999\\\\xx\\\\\\\\\\\\000\0\und\d
=082  \\$a954.01
=100  \\$a RAICHAUDHARY  HEMCHANDAR 
=245  \\$a PRACHIN  BHARAT  KA  RAJNETIK  ITIHAAS  (HINDI) 
=260  \\$b KITAB  MAHAL $a NEW  DELHI 
=300  \\$a22CM,521P
=541  \\$h 795.00   
=653  \\$a ANCIENT  HISTORY  INDIA 
=653  \\$aHISTORY
=852  \\$p7915$k954.01$mRAP$a TX  HIST $t1$c RELATED  SUB 

