=LDR  00000nam a2200000Ia 45e0
=008  250121s9999\\\\xx\\\\\\\\\\\\000\0\und\d
=082  \\$a954.02
=100  \\$a CHANDAR  SATISH 
=245  \\$a MADHYAKALIN  BHARAT  SALTNAT  SE  MUGAL  KAL  TAK  DELHI  SALTNAT  1526-1761  BHAAG  II  (HINDI) 
=260  \\$b JAWAHAR  P8UBLISHERS  AND  DIST  PVT  LTD $aGURGAON
=300  \\$a22CM,300P
=541  \\$h 441.00   
=653  \\$a MEDIVAL  INDIA  SLATNAT  MUGAL 
=653  \\$aHISTORY
=852  \\$p7917$k954.02$mCHM$a TX  HIST $t1$c RELATED  SUB 

