=LDR  00000nam a2200000Ia 45e0
=008  250121s9999\\\\xx\\\\\\\\\\\\000\0\und\d
=082  \\$a 954.073  74 
=100  \\$a MULLEY  GUNAKAR 
=245  \\$a BHARATIY  SIKKO  KA  ITIHAAS  (HINDI) 
=260  \\$b RAJKAMAL  PRAKASHAN $a NEW  DELHI 
=300  \\$a22CM,275P
=541  \\$h 595.00   
=653  \\$a HISTORY  COINS  NUMISMATIC 
=653  \\$aHISTORY
=852  \\$p7922$k 954.073  74 $mMUB$a TX  HIST $t1$c RELATED  SUB 

