=LDR  00000nam a2200000Ia 45e0
=008  250121s9999\\\\xx\\\\\\\\\\\\000\0\und\d
=082  \\$a954.02
=100  \\$a CHANDAR  SATISH 
=245  \\$a MADHYAKALIN  BHARAT  :  RAJNITI  SMAAJ  OR  SANSKRITI  (HINDI) 
=260  \\$b ORIENT  BLACKSWAN $a NEW  DELHI 
=300  \\$a22CM,384P
=541  \\$h 395.00   
=653  \\$a MEDIVAL  HISTORY  INDIA 
=653  \\$aHISTORY
=852  \\$p7925$k954.02$mCHM$a TX  HIST $t1$c RELATED  SUB 

