=LDR  00000nam a2200000Ia 45e0
=008  250121s9999\\\\xx\\\\\\\\\\\\000\0\und\d
=082  \\$a954.03
=100  \\$a SINGH  AYODHYA 
=245  \\$a BHARAT  KA  MUKTI  SANGRAM  (HINDI) 
=260  \\$b PRAKASHAN  SANSTHAN $a NEW  DELHI 
=300  \\$a22CM,433P
=541  \\$h 500.00   
=653  \\$a MODERN  HISTORY  INDIA 
=653  \\$aHISTORY
=852  \\$p7928$k954.03$mSIB$a TX  HIST $t1$c RELATED  SUB 

