=LDR  00000nam a2200000Ia 45e0
=008  250121s9999\\\\xx\\\\\\\\\\\\000\0\und\d
=082  \\$a954.03
=100  \\$a CHANDRA  V 
=245  \\$a AADHUNIK  BHARATA  ITIHAAS  (HINDI) 
=260  \\$b ORIENT  BLACKSWAN $a NEW  DELHI 
=300  \\$a22CM,356P
=541  \\$h 350.00   
=653  \\$a MODERN  HISTORY  INDIA 
=653  \\$aHISTORY
=852  \\$p7931$k954.03$mCHA$a TX  HIST $t1$c RELATED  SUB 

