=LDR  00000nam a2200000Ia 45e0
=008  250121s9999\\\\xx\\\\\\\\\\\\000\0\und\d
=082  \\$a954.01
=100  \\$a PANDAY  V  C 
=245  \\$a PRACHIN  BHARAT  KA  RAJNITIK  TATHA  SANSKRITIK  ITIHAAS  AVM  PURAB  MADHAKALIN  SAMAJ  AUR  SANSKRITI  (HINDI) 
=260  \\$b CENTRAL  PUBLISHING  HOUSE $aALLAHABAD
=300  \\$a22CM,
=541  \\$h 160.00   
=653  \\$a ANCIENT  HISTORY  INDIA 
=653  \\$aHISTORY
=852  \\$p7934$k954.01$mPAM$a TX  HIST $t1$c RELATED  SUB 

