=LDR  00000nam a2200000Ia 45e0
=008  250121s9999\\\\xx\\\\\\\\\\\\000\0\und\d
=082  \\$a954.02
=100  \\$a VERMA  HARISHCHANDAR 
=245  \\$a MADHYAKALIN  BHARAT  1540-  1761  BHAAG  II 
=260  \\$b   DELHI  UNIVERSITY $a NEW  DELHI 
=300  \\$a22CM,872P
=541  \\$h 340.00   
=653  \\$a MEDIVAL  HISTORY  INDIA 
=653  \\$aHISTORY
=852  \\$p7936$k954.02$mVEM$a TX  HIST $t1$c RELATED  SUB 

