=LDR  00000nam a2200000Ia 45e0
=008  250121s9999\\\\xx\\\\\\\\\\\\000\0\und\d
=082  \\$a954.02
=100  \\$a HABIB  IRFAN 
=245  \\$a BHARATIYA  ITIHAAS  MAI  MADHYAKAL  (HINDI) 
=260  \\$b GRANTH  SHILPI $aDELHI
=300  \\$a22CM,311P
=541  \\$h 775.00   
=653  \\$a MEDIVAL  HISTORY  INDIA 
=653  \\$aHISTORY
=852  \\$p7939$k954.02$mHAB$a TX  HIST $t1$c RELATED  SUB 

