=LDR  00000nam a2200000Ia 45e0
=008  250121s9999\\\\xx\\\\\\\\\\\\000\0\und\d
=082  \\$a985.02
=100  \\$a HASAN  IBEN 
=245  \\$a MUGHAL  SAMRAJYA  KA  KENDRIYA  DHANCHA 
=260  \\$b GRANTH  SHILPI $aDELHI
=300  \\$a22CM,320P
=541  \\$h 675.00   
=653  \\$a MEDIVAL  HISTORY  INDIA  MUGUHAL 
=653  \\$aHISTORY
=852  \\$p7941$k985.02$mHAM$a TX  HIST $t1$c RELATED  SUB 

