=LDR  00000nam a2200000Ia 45e0
=008  250121s9999\\\\xx\\\\\\\\\\\\000\0\und\d
=082  \\$a320.3
=100  \\$a BISWAL  TAPAN 
=245  \\$a COMPARATIVE  POLITICS  INSTITUTIONS  AND  PROCESSES 
=260  \\$bTRINITY$aBENGLURU
=300  \\$a24CM,460P
=541  \\$h 399.00   
=653  \\$a COMPARATIVE  POLITICS 
=653  \\$a POLITICAL  SCIENCE 
=852  \\$p7944$k320.3$mBIC$a TX  POL  SC $t1$c RELATED  SUB 

