=LDR  00000nam a2200000Ia 45e0
=008  250121s9999\\\\xx\\\\\\\\\\\\000\0\und\d
=082  \\$a320.3
=100  \\$a MISRA  K  K 
=245  \\$a THEORY  IN  INTERNATIONAL  POLITICS 
=260  \\$b ANAMIKA  PUB  AND  DIST $a NEW  DELHI 
=300  \\$a22CM,216P
=541  \\$h 495.00   
=653  \\$a INTERNATIONAL  POLITICS 
=653  \\$a POLITICAL  SCIENCE 
=852  \\$p7947$k320.3$mMIT$a TX  POL  SC $t1$c RELATED  SUB 

