=LDR  00000nam a2200000Ia 45e0
=008  250121s9999\\\\xx\\\\\\\\\\\\000\0\und\d
=082  \\$a320.01
=100  \\$a GAUBA  O  P 
=245  \\$a INTRODUCTION  TO  POLITICAL  THEORY 
=260  \\$b NATIONAL  PAPER  BACKS $a NEW  DELHI 
=300  \\$a24CM,693P
=541  \\$h 500.00   
=653  \\$a POLITICAL  SCIENCE 
=653  \\$a POLITICAL  THEORY 
=852  \\$p7950$k320.01$mGAI$a TX  POL  SC $t1$c RELATED  SUB 

