=LDR  00000nam a2200000Ia 45e0
=008  250121s9999\\\\xx\\\\\\\\\\\\000\0\und\d
=082  \\$a320.954
=100  \\$a GHOSH  PEU 
=245  \\$a INDIAN  GOVERNMENT  AND  POLITICS 
=260  \\$b PHI  LEARNING  PVT  LTD $aDELHI
=300  \\$a24CM,492P
=541  \\$h 695.00   
=653  \\$a INDIAN  GOVERENMENT  POLITICS 
=653  \\$a POLITICAL  SCIENCE 
=852  \\$p7953$k320.954$mGHI$a TX  POL  SC $t1$c RELATED  SUB 

