=LDR  00000nam a2200000Ia 45e0
=008  250121s9999\\\\xx\\\\\\\\\\\\000\0\und\d
=082  \\$a327
=100  \\$a GHOSH  PEU 
=245  \\$a INTERNATIONAL  RELATIONS 
=260  \\$b PHI  LEARNING  PVT  LTD $aDELHI
=300  \\$a24CM,532P
=541  \\$h 495.00   
=653  \\$a INTERNATIONAL  RELATIONS 
=653  \\$a POLITICAL  SCIENCE 
=852  \\$p7956$k327$mGHI$a TX  POL  SC $t1$c RELATED  SUB 

