=LDR  00000nam a2200000Ia 45e0
=008  250121s9999\\\\xx\\\\\\\\\\\\000\0\und\d
=082  \\$a320.954
=100  \\$a CHAWDHRY  B  B 
=245  \\$a INDIAN  GOVERNMENT  AND  POLITICS 
=260  \\$b SHREE  MAHAVIR  BOOK  DEPOT  PUBLISHERS  D $aDELHI
=300  \\$a22CM,421P
=541  \\$h 320.00   
=653  \\$a INDIAN  GOVERENMENT  POLITICS 
=653  \\$a POLITICAL  SCIENCE 
=852  \\$p7959$k320.954$mCHI$a TX  POL  SC $t1$c RELATED  SUB 

