=LDR  00000nam a2200000Ia 45e0
=008  250121s9999\\\\xx\\\\\\\\\\\\000\0\und\d
=082  \\$a320.01
=100  \\$a CHAWDHRY  B  B 
=245  \\$a THEMES  IN  COMPARATIVE  POLITICAL  THEORY 
=260  \\$b SHREE  MAHAVIR  BOOK  DEPOT  PUBLISHERS  D $aDELHI
=300  \\$a22CM,194P
=541  \\$h 140.00   
=653  \\$a POLITICAL  SCIENCE 
=653  \\$a POLITICAL  THEORY 
=852  \\$p7962$k320.01$mCHT$a TX  POL  SC $t1$c RELATED  SUB 

