=LDR  00000nam a2200000Ia 45e0
=008  250121s9999\\\\xx\\\\\\\\\\\\000\0\und\d
=082  \\$a320.954
=100  \\$a KASHYAP  SUBHASH  C 
=245  \\$a DEMOCRACY  AND  GOOD  GOVERNANCE  :  SOME  GUIDELINES  FOR  TODAYS  PARLIAMENTARIANS 
=260  \\$bVITASTA$a NEW  DELHI 
=300  \\$a22CM,420P
=541  \\$h 695.00   
=653  \\$a DEMOCRACY  INDIAN  GOVERNMET 
=653  \\$a POLITICAL  SCIENCE 
=852  \\$p7965$k320.954$mKAD$a TX  POL  SC $t1$c RELATED  SUB 

