=LDR  00000nam a2200000Ia 45e0
=008  250121s9999\\\\xx\\\\\\\\\\\\000\0\und\d
=082  \\$a342.954
=100  \\$a BASU  D  D 
=245  \\$a SHORTER  CONSTITUTION  OF  INDIA  :  ARTICLE  152  TO  END  VOL  II 
=260  \\$b LEXIS  NEXIS $aGURGAON
=300  \\$a 25CM,  ART  VII  2212P 
=541  \\$h 5995/-  SET  OF  VOL  I  &  II   
=653  \\$a CONSTITUTION  INDIA 
=653  \\$a POLITICAL  SCIENCE 
=852  \\$p7969$k342.954$mBAS$a TX  POL  SC $t1$c RELATED  SUB 

