=LDR  00000nam a2200000Ia 45e0
=008  250121s9999\\\\xx\\\\\\\\\\\\000\0\und\d
=082  \\$a571.8
=100  \\$a BARRESI  MICHAEL  J  GILBERT  SCOTT  F   
=245  \\$a DEVELOPMENTAL  BIOLOGY 
=260  \\$b SINAUER  OXFORD  UNIVERSITY  PRESS $a NEW  YORK 
=300  \\$a28CM,I-56P
=541  \\$h 6,495.00   
=653  \\$a REPRODUCTION  DEVELOPMENT  GROWTH  DEVELOPMENTAL  BIOLOGY 
=653  \\$aBIOLOGY
=852  \\$p7970$k571.8$mBAM$a TX  ZOO $t1$c RELATED  SUB 

