=LDR  00000nam a2200000Ia 45e0
=008  250121s9999\\\\xx\\\\\\\\\\\\000\0\und\d
=082  \\$a576.5
=100  \\$a BROOKER  ROBERT  J 
=245  \\$a CONCEPTS  OF  GENETICS 
=260  \\$b MCGRAW  HILL  EDUCATION $a NEW  YORK 
=300  \\$a28CM,I-26P
=541  \\$h 4,412.52   
=653  \\$a LIFE  SCIENCE  BIOLOGY 
=653  \\$aGENETICS
=852  \\$p7971$k576.5$mBRC$a TX  ZOO $t1$c RELATED  SUB 

