=LDR  00000nam a2200000Ia 45e0
=008  250121s9999\\\\xx\\\\\\\\\\\\000\0\und\d
=082  \\$a576.5
=100  \\$a BROWN  TERRY 
=245  \\$a INTRODUCTION  TO  GENETICS  :  A  MOLECULAR  APPROACH 
=260  \\$b GARLAND  SCIENCE $a NEW  YORK 
=300  \\$a28CM,530P
=541  \\$h 8,254.97   
=653  \\$a LIFE  SCIENCE  BIOLOGY 
=653  \\$aGENETICS
=852  \\$p7972$k576.5$mBRI$a TX  BIO $t1$c RELATED  SUB 

