=LDR  00000nam a2200000Ia 45e0
=008  250121s9999\\\\xx\\\\\\\\\\\\000\0\und\d
=082  \\$a 632.909  54 
=100  \\$a ATWAL  A  S 
=245  \\$a AGRICULTURAL  PESTS  OF  INDIA  AND  SOUTH  EAST  ASIA 
=260  \\$b KALYANI  PUBLISHERS $aLUDHIANA
=300  \\$a24CM,678P
=541  \\$h 475.00   
=653  \\$a PEST  DISEASE  CONTROL 
=653  \\$aAGRICULTURE
=852  \\$p7973$k 632.909  54 $mATA$a TX  ZOO $t1$c RELATED  SUB 

