=LDR  00000nam a2200000Ia 45e0
=008  250121s9999\\\\xx\\\\\\\\\\\\000\0\und\d
=082  \\$a616.96
=100  \\$a ARORA  D  R 
=245  \\$a MEDICAL  PARASITOLOGY 
=260  \\$b CBS  PUB  &DIST  PVT  LTD $a NEW  DELHI 
=300  \\$a28CM,277P
=541  \\$h 650.00   
=653  \\$a MEDICINE  HEALTH 
=653  \\$a PARASITOLOGY  PARASITIC  DISEASE 
=852  \\$p7975$k616.96$mARM$a TX  ZOO $t1$c RELATED  SUB 

