=LDR  00000nam a2200000Ia 45e0
=008  250121s9999\\\\xx\\\\\\\\\\\\000\0\und\d
=082  \\$a612
=100  \\$a HALL  JOHN  E 
=245  \\$a TEXTBOOK  OF  MEDICAL  PHYSIOLOGY 
=260  \\$bELSEVIER$a NEW  DELHI 
=300  \\$a28CM,1011P
=541  \\$h 1,995.00   
=653  \\$a HUMAN  PHYSIOLOGY  MEDICINE  HEALTH 
=653  \\$a MEDICINE  HEALTH 
=852  \\$p7978$k612$mHAT$a TX  ZOO $t1$c RELATED  SUB 

