=LDR  00000nam a2200000Ia 45e0
=008  250121s9999\\\\xx\\\\\\\\\\\\000\0\und\d
=082  \\$a515.8
=100  \\$a KUMAR  AJIT 
=245  \\$a BASIC  COURSE  IN  REAL  ANALYSIS 
=260  \\$b CRC  TAYLOR  AND  FRANCIS  GROUP 
=300  \\$a23CM,302P
=541  \\$h 695.00   
=653  \\$a REAL  ANALYSIS 
=653  \\$aMAHTEMATICS
=852  \\$p7979$k515.8$mBAK$a TX  MATH $t1$c RELATED  SUB 

