=LDR  00000nam a2200000Ia 45e0
=008  250121s9999\\\\xx\\\\\\\\\\\\000\0\und\d
=082  \\$a515.43
=100  \\$a JAIN  P  K 
=245  \\$a LEBESGUE  MEASURE  AND  INTEGRATION 
=260  \\$b NEW  AGE  INTERNATIONAL  PUBLISHERS $a NEW  DELHI 
=300  \\$a25CM,324P
=541  \\$h 699.00   
=653  \\$a CALCULUS  LEBESGUE 
=653  \\$aMAHTEMATICS
=852  \\$p7981$k515.43$mJAL$a TX  MATH $t1$c RELATED  SUB 

