=LDR  00000nam a2200000Ia 45e0
=008  250121s9999\\\\xx\\\\\\\\\\\\000\0\und\d
=082  \\$a515.9
=100  \\$a BROWN  JAMES  WARD 
=245  \\$a SCHAUMS  OUTLINES  COMPLEX  VARIABLES  AND  APPLICATIONS 
=260  \\$b MCGRAW  HILL  EDUCATION $aCHENNAI
=300  \\$a23CM,468P
=541  \\$h 725.00   
=653  \\$a COMPLEX  VARIABLES 
=653  \\$aMAHTEMATICS
=852  \\$p7983$k515.9$mBRC$a TX  MATH $t1$c RELATED  SUB 

