=LDR  00000nam a2200000Ia 45e0
=008  250121s9999\\\\xx\\\\\\\\\\\\000\0\und\d
=082  \\$a512
=100  \\$a MILLER  JULIE 
=245  \\$a INTERMEDIATE  ALGEBRA  :  MATH 
=260  \\$b MCGRAW  HILL  EDUCATION $aCHENNAI
=300  \\$a28CM,I-16P
=541  \\$h 1,095.00   
=653  \\$aALGEBRA
=653  \\$aMAHTEMATICS
=852  \\$p7985$k512$mMII$a TX  MATH $t1$c RELATED  SUB 

