=LDR  00000nam a2200000Ia 45e0
=008  250121s9999\\\\xx\\\\\\\\\\\\000\0\und\d
=082  \\$a515.732
=100  \\$a SPIEGEL  MURAY  R 
=245  \\$a LAPLACE  TRANSFORMS 
=260  \\$b MCGRAW  HILL  EDUCATION $aCHENNAI
=300  \\$a28CM,261P
=541  \\$h 725.00   
=653  \\$a LAPLACE  TRANSFORMS 
=653  \\$aMAHTEMATICS
=852  \\$p7987$k515.732$mSPL$a TX  MATH $t1$c RELATED  SUB 

