=LDR  00000nam a2200000Ia 45e0
=008  250121s9999\\\\xx\\\\\\\\\\\\000\0\und\d
=082  \\$a514
=100  \\$a SIMMONS  G  F 
=245  \\$a INTRODUCTION  TO  TOPOLOGY  MODERN  ANALYSIS 
=260  \\$b TATA  MCGRAW  HILL  PVT  LTD $a NEW  DELHI 
=300  \\$a21CM,372P
=541  \\$h 750.00   
=653  \\$aMAHTEMATICS
=653  \\$aTOPOLOGY
=852  \\$p7989$k514$mSII$a TX  MATH $t1$c RELATED  SUB 

