=LDR  00000nam a2200000Ia 45e0
=008  250121s9999\\\\xx\\\\\\\\\\\\000\0\und\d
=082  \\$a512
=100  \\$a SEN  M  K 
=245  \\$a TOPICS  IN  ABSTRACT  ALGEBRA 
=260  \\$b UNIVERSITY  PRESS $aHYDERABAD
=300  \\$a24CM,515P
=541  \\$h 595.00   
=653  \\$a   ABSTRACT  ALGEBRA 
=653  \\$aMAHTEMATICS
=852  \\$p7991$k512$mSET$a TX  MATH $t1$c RELATED  SUB 

