=LDR  00000nam a2200000Ia 45e0
=008  250121s9999\\\\xx\\\\\\\\\\\\000\0\und\d
=082  \\$a515.9
=100  \\$a NAYAK  PRASUN  UMARK 
=245  \\$a TEXTBOOK  OF  COMPLEX  ANALYSIS 
=260  \\$b UNIVERSITY  PRESS $aHYDERABAD
=300  \\$a24CM,465P
=541  \\$h 550.00   
=653  \\$a COMPLEX  ANALYSIS 
=653  \\$aMAHTEMATICS
=852  \\$p7993$k515.9$mNAT$a TX  MATH $t1$c RELATED  SUB 

