=LDR  00000nam a2200000Ia 45e0
=008  250121s9999\\\\xx\\\\\\\\\\\\000\0\und\d
=082  \\$a512
=100  \\$a DEMMEL  JAMES  W 
=245  \\$a APPLIED  NUMERICAL  LINEAR  ALGEBRA 
=260  \\$b UNIVERSITY  PRESS $aHYDERABAD
=300  \\$a24CM,419P
=541  \\$h 795.00   
=653  \\$a   LINEAR  ALGEBRA 
=653  \\$aMAHTEMATICS
=852  \\$p7995$k512$mDEA$a TX  MATH $t1$c RELATED  SUB 

