=LDR  00000nam a2200000Ia 45e0
=008  250121s9999\\\\xx\\\\\\\\\\\\000\0\und\d
=082  \\$a515.732
=100  \\$a LIMAYE  BALMOHAN  V 
=245  \\$a FUNCTIONAL  ANALYSIS 
=260  \\$b NEW  AGE  INTERNATIONAL  PUBLISHERS $a NEW  DELHI 
=300  \\$a24612p
=541  \\$h 475.00   
=653  \\$a FUNCTIONAL  ANALYSIS 
=653  \\$aMAHTEMATICS
=852  \\$p7997$k515.732$mLIF$a TX  MATH $t1$c RELATED  SUB 

