=LDR  00000nam a2200000Ia 45e0
=008  250121s9999\\\\xx\\\\\\\\\\\\000\0\und\d
=082  \\$a515.354
=100  \\$a RAO  K  SHANKARA 
=245  \\$a INTRODUCTION  TO  PARTIAL  DIFFERENTIAL  EQUATIONS 
=260  \\$b PHI  LEARNING  PVT  LTD $aDELHI
=300  \\$a24CM,488P
=541  \\$h 495.00   
=653  \\$a PARTIAL  DIFFERENTIAL  EQUATIONS 
=653  \\$aMAHTEMATICS
=852  \\$p7999$k515.354$mRAI$a TX  MATH $t1$c RELATED  SUB 

